%% This BibTeX bibliography file was created using BibDesk.
%% http://bibdesk.sourceforge.net/


%% Created for Leonardo Testi at 2016-12-20 09:19:21 +0100 


%% Saved with string encoding Unicode (UTF-8) 



@article{2016ApJ...831..125P,
	Adsnote = {Provided by the SAO/NASA Astrophysics Data System},
	Adsurl = {http://adsabs.harvard.edu/abs/2016ApJ...831..125P},
	Archiveprefix = {arXiv},
	Author = {{Pascucci}, I. and {Testi}, L. and {Herczeg}, G.~J. and {Long}, F. and {Manara}, C.~F. and {Hendler}, N. and {Mulders}, G.~D. and {Krijt}, S. and {Ciesla}, F. and {Henning}, T. and {Mohanty}, S. and {Drabek-Maunder}, E. and {Apai}, D. and {Sz{\H u}cs}, L. and {Sacco}, G. and {Olofsson}, J.},
	Date-Added = {2016-12-20 08:19:17 +0000},
	Date-Modified = {2016-12-20 08:19:17 +0000},
	Doi = {10.3847/0004-637X/831/2/125},
	Eid = {125},
	Eprint = {1608.03621},
	Journal = {\apj},
	Keywords = {brown dwarfs, protoplanetary disks, stars: pre-main sequence, submillimeter: planetary systems},
	Month = nov,
	Pages = {125},
	Primaryclass = {astro-ph.EP},
	Title = {{A Steeper than Linear Disk Mass-Stellar Mass Scaling Relation}},
	Volume = 831,
	Year = 2016,
	Bdsk-Url-1 = {http://dx.doi.org/10.3847/0004-637X/831/2/125}}

@article{2016ApJ...827..142B,
	Adsnote = {Provided by the SAO/NASA Astrophysics Data System},
	Adsurl = {http://adsabs.harvard.edu/abs/2016ApJ...827..142B},
	Archiveprefix = {arXiv},
	Author = {{Barenfeld}, S.~A. and {Carpenter}, J.~M. and {Ricci}, L. and {Isella}, A.},
	Date-Added = {2016-12-20 08:17:02 +0000},
	Date-Modified = {2016-12-20 08:17:02 +0000},
	Doi = {10.3847/0004-637X/827/2/142},
	Eid = {142},
	Eprint = {1605.05772},
	Journal = {\apj},
	Keywords = {open clusters and associations: individual: Upper Scorpius OB1, protoplanetary disks, stars: pre-main sequence},
	Month = aug,
	Pages = {142},
	Primaryclass = {astro-ph.EP},
	Title = {{ALMA Observations of Circumstellar Disks in the Upper Scorpius OB Association}},
	Volume = 827,
	Year = 2016,
	Bdsk-Url-1 = {http://dx.doi.org/10.3847/0004-637X/827/2/142}}

@article{2016arXiv161201538M,
	Adsnote = {Provided by the SAO/NASA Astrophysics Data System},
	Adsurl = {http://adsabs.harvard.edu/abs/2016arXiv161201538M},
	Archiveprefix = {arXiv},
	Author = {{Miotello}, A. and {van Dishoeck}, E.~F. and {Williams}, J.~P. and {Ansdell}, M. and {Guidi}, G. and {Hogerheijde}, M. and {Manara}, C.~F. and {Tazzari}, M. and {Testi}, L. and {van der Marel}, N. and {van Terwisga}, S.},
	Date-Added = {2016-12-20 08:11:17 +0000},
	Date-Modified = {2016-12-20 08:11:17 +0000},
	Eprint = {1612.01538},
	Journal = {ArXiv e-prints},
	Keywords = {Astrophysics - Solar and Stellar Astrophysics, Astrophysics - Astrophysics of Galaxies},
	Month = dec,
	Primaryclass = {astro-ph.SR},
	Title = {{Lupus disks with faint CO isotopologues: low gas/dust or large carbon depletion?}},
	Year = 2016}

@article{2016ApJ...828...46A,
	Adsnote = {Provided by the SAO/NASA Astrophysics Data System},
	Adsurl = {http://adsabs.harvard.edu/abs/2016ApJ...828...46A},
	Archiveprefix = {arXiv},
	Author = {{Ansdell}, M. and {Williams}, J.~P. and {van der Marel}, N. and {Carpenter}, J.~M. and {Guidi}, G. and {Hogerheijde}, M. and {Mathews}, G.~S. and {Manara}, C.~F. and {Miotello}, A. and {Natta}, A. and {Oliveira}, I. and {Tazzari}, M. and {Testi}, L. and {van Dishoeck}, E.~F. and {van Terwisga}, S.~E.},
	Date-Added = {2016-12-20 08:11:17 +0000},
	Date-Modified = {2016-12-20 08:11:17 +0000},
	Doi = {10.3847/0004-637X/828/1/46},
	Eid = {46},
	Eprint = {1604.05719},
	Journal = {\apj},
	Keywords = {circumstellar matter, planets and satellites: formation, protoplanetary disks, stars: formation, stars: late-type, stars: protostars},
	Month = sep,
	Pages = {46},
	Primaryclass = {astro-ph.EP},
	Title = {{ALMA Survey of Lupus Protoplanetary Disks. I. Dust and Gas Masses}},
	Volume = 828,
	Year = 2016,
	Bdsk-Url-1 = {http://dx.doi.org/10.3847/0004-637X/828/1/46}}

@article{2016A&A...591L...3M,
	Adsnote = {Provided by the SAO/NASA Astrophysics Data System},
	Adsurl = {http://adsabs.harvard.edu/abs/2016A%26A...591L...3M},
	Archiveprefix = {arXiv},
	Author = {{Manara}, C.~F. and {Rosotti}, G. and {Testi}, L. and {Natta}, A. and {Alcal{\'a}}, J.~M. and {Williams}, J.~P. and {Ansdell}, M. and {Miotello}, A. and {van der Marel}, N. and {Tazzari}, M. and {Carpenter}, J. and {Guidi}, G. and {Mathews}, G.~S. and {Oliveira}, I. and {Prusti}, T. and {van Dishoeck}, E.~F.},
	Date-Added = {2016-12-20 08:11:17 +0000},
	Date-Modified = {2016-12-20 08:11:17 +0000},
	Doi = {10.1051/0004-6361/201628549},
	Eid = {L3},
	Eprint = {1605.03050},
	Journal = {\aap},
	Keywords = {accretion, accretion disks, protoplanetary disks, stars: pre-main sequence, stars: variables: T Tauri, Herbig Ae/Be},
	Month = jun,
	Pages = {L3},
	Primaryclass = {astro-ph.SR},
	Title = {{Evidence for a correlation between mass accretion rates onto young stars and the mass of their protoplanetary disks}},
	Volume = 591,
	Year = 2016,
	Bdsk-Url-1 = {http://dx.doi.org/10.1051/0004-6361/201628549}}

@article{2012MNRAS.425.3137U,
	Adsnote = {Provided by the SAO/NASA Astrophysics Data System},
	Adsurl = {http://adsabs.harvard.edu/abs/2012MNRAS.425.3137U},
	Archiveprefix = {arXiv},
	Author = {{Ubach}, C. and {Maddison}, S.~T. and {Wright}, C.~M. and {Wilner}, D.~J. and {Lommen}, D.~J.~P. and {Koribalski}, B.},
	Date-Added = {2016-12-20 08:08:51 +0000},
	Date-Modified = {2016-12-20 08:08:51 +0000},
	Doi = {10.1111/j.1365-2966.2012.21603.x},
	Eprint = {1207.0260},
	Journal = {\mnras},
	Keywords = {radiation mechanisms: thermal, protoplanetary discs, stars: variables: T Tauri, Herbig Ae/Be, radio continuum: planetary systems},
	Month = oct,
	Pages = {3137-3161},
	Primaryclass = {astro-ph.SR},
	Title = {{Grain growth signatures in the protoplanetary discs of Chamaeleon and Lupus}},
	Volume = 425,
	Year = 2012,
	Bdsk-Url-1 = {http://dx.doi.org/10.1111/j.1365-2966.2012.21603.x}}

@article{2006A&A...446..211R,
	Adsnote = {Provided by the SAO/NASA Astrophysics Data System},
	Adsurl = {http://adsabs.harvard.edu/abs/2006A%26A...446..211R},
	Author = {{Rodmann}, J. and {Henning}, T. and {Chandler}, C.~J. and {Mundy}, L.~G. and {Wilner}, D.~J.},
	Date-Added = {2016-12-20 08:08:19 +0000},
	Date-Modified = {2016-12-20 08:08:19 +0000},
	Doi = {10.1051/0004-6361:20054038},
	Eprint = {astro-ph/0509555},
	Journal = {\aap},
	Keywords = {stars: pre-main sequence, stars: planetary systems: protoplanetary disks, planetary systems: formation},
	Month = jan,
	Pages = {211-221},
	Title = {{Large dust particles in disks around T Tauri stars}},
	Volume = 446,
	Year = 2006,
	Bdsk-Url-1 = {http://dx.doi.org/10.1051/0004-6361:20054038}}

@article{2007A&A...462..211L,
	Adsnote = {Provided by the SAO/NASA Astrophysics Data System},
	Adsurl = {http://adsabs.harvard.edu/abs/2007A%26A...462..211L},
	Author = {{Lommen}, D. and {Wright}, C.~M. and {Maddison}, S.~T. and {J{\o}rgensen}, J.~K. and {Bourke}, T.~L. and {van Dishoeck}, E.~F. and {Hughes}, A. and {Wilner}, D.~J. and {Burton}, M. and {van Langevelde}, H.~J.},
	Date-Added = {2016-12-20 08:07:49 +0000},
	Date-Modified = {2016-12-20 08:07:49 +0000},
	Doi = {10.1051/0004-6361:20066255},
	Eprint = {astro-ph/0610667},
	Journal = {\aap},
	Keywords = {circumstellar matter, planetary systems: protoplanetary disks, stars: pre-main-sequence},
	Month = jan,
	Pages = {211-220},
	Title = {{Investigating grain growth in disks around southern T Tauri stars at millimetre wavelengths}},
	Volume = 462,
	Year = 2007,
	Bdsk-Url-1 = {http://dx.doi.org/10.1051/0004-6361:20066255}}

@article{Isella2016,
	Archiveprefix = {arXiv},
	Author = {{Isella}, A. and {Guidi}, G. and {Testi}, L. and {Liu}, S. and {Li}, H. and {Li}, S. and {Weaver}, E. and {Boehler}, Y. and {Carperter}, J.M. and {De Gregorio-Monsalvo}, I. and {Manara}, C.~F. and {Natta}, A. and {P\'erez}, L.~M. and {Ricci}, L. and {Sargent}, A.~I. and {Tazzari}, M. and {Turner}, N.},
	Date-Added = {2016-12-20 07:54:11 +0000},
	Date-Modified = {2016-12-20 07:59:48 +0000},
	Doi = {10.1103/PhysRevLett.117.251101},
	Journal = {Phys. Rev. Lett.},
	Month = December,
	Pages = {251101},
	Title = {{Ringed Structures of the HD 163296 Protoplanetary Disk Revealed by ALMA}},
	Volume = 117,
	Year = 2016,
	Bdsk-Url-1 = {http://dx.doi.org/10.1088/0004-637X/788/2/129}}

@article{2011A&A...525A..12B,
	Adsnote = {Provided by the SAO/NASA Astrophysics Data System},
	Adsurl = {http://adsabs.harvard.edu/abs/2011A%26A...525A..12B},
	Archiveprefix = {arXiv},
	Author = {{Banzatti}, A. and {Testi}, L. and {Isella}, A. and {Natta}, A. and {Neri}, R. and {Wilner}, D.~J.},
	Date-Added = {2016-12-20 07:53:20 +0000},
	Date-Modified = {2016-12-20 07:53:20 +0000},
	Doi = {10.1051/0004-6361/201015206},
	Eid = {A12},
	Eprint = {1009.2697},
	Journal = {\aap},
	Keywords = {protoplanetary disks, dust, extinction, circumstellar matter, stars: individual: CQ Tauri},
	Month = jan,
	Pages = {A12},
	Title = {{New constraints on dust grain size and distribution in CQ Tauri}},
	Volume = 525,
	Year = 2011,
	Bdsk-Url-1 = {http://dx.doi.org/10.1051/0004-6361/201015206}}

@article{2013A&A...558A..64T,
	Adsnote = {Provided by the SAO/NASA Astrophysics Data System},
	Adsurl = {http://adsabs.harvard.edu/abs/2013A%26A...558A..64T},
	Archiveprefix = {arXiv},
	Author = {{Trotta}, F. and {Testi}, L. and {Natta}, A. and {Isella}, A. and {Ricci}, L.},
	Date-Added = {2016-12-20 07:52:51 +0000},
	Date-Modified = {2016-12-20 07:52:51 +0000},
	Doi = {10.1051/0004-6361/201321896},
	Eid = {A64},
	Eprint = {1308.5070},
	Journal = {\aap},
	Keywords = {protoplanetary disks, stars: pre-main sequence, circumstellar matter, stars: individual: CQ Tauri, dust, extinction, submillimeter: planetary systems},
	Month = oct,
	Pages = {A64},
	Primaryclass = {astro-ph.SR},
	Title = {{Constraints on the radial distribution of the dust properties in the CQ Tauri protoplanetary disk}},
	Volume = 558,
	Year = 2013,
	Bdsk-Url-1 = {http://dx.doi.org/10.1051/0004-6361/201321896}}

@article{2016Sci...353.1519P,
	Adsnote = {Provided by the SAO/NASA Astrophysics Data System},
	Adsurl = {http://adsabs.harvard.edu/abs/2016Sci...353.1519P},
	Archiveprefix = {arXiv},
	Author = {{P{\'e}rez}, L.~M. and {Carpenter}, J.~M. and {Andrews}, S.~M. and {Ricci}, L. and {Isella}, A. and {Linz}, H. and {Sargent}, A.~I. and {Wilner}, D.~J. and {Henning}, T. and {Deller}, A.~T. and {Chandler}, C.~J. and {Dullemond}, C.~P. and {Lazio}, J. and {Menten}, K.~M. and {Corder}, S.~A. and {Storm}, S. and {Testi}, L. and {Tazzari}, M. and {Kwon}, W. and {Calvet}, N. and {Greaves}, J.~S. and {Harris}, R.~J. and {Mundy}, L.~G.},
	Date-Added = {2016-12-20 07:52:13 +0000},
	Date-Modified = {2016-12-20 07:52:13 +0000},
	Doi = {10.1126/science.aaf8296},
	Eprint = {1610.05139},
	Journal = {Science},
	Month = sep,
	Pages = {1519-1521},
	Title = {{Spiral density waves in a young protoplanetary disk}},
	Volume = 353,
	Year = 2016,
	Bdsk-Url-1 = {http://dx.doi.org/10.1126/science.aaf8296}}

@article{2012ApJ...760L..17P,
	Adsnote = {Provided by the SAO/NASA Astrophysics Data System},
	Adsurl = {http://adsabs.harvard.edu/abs/2012ApJ...760L..17P},
	Archiveprefix = {arXiv},
	Author = {{P{\'e}rez}, L.~M. and {Carpenter}, J.~M. and {Chandler}, C.~J. and {Isella}, A. and {Andrews}, S.~M. and {Ricci}, L. and {Calvet}, N. and {Corder}, S.~A. and {Deller}, A.~T. and {Dullemond}, C.~P. and {Greaves}, J.~S. and {Harris}, R.~J. and {Henning}, T. and {Kwon}, W. and {Lazio}, J. and {Linz}, H. and {Mundy}, L.~G. and {Sargent}, A.~I. and {Storm}, S. and {Testi}, L. and {Wilner}, D.~J.},
	Date-Added = {2016-12-20 07:52:13 +0000},
	Date-Modified = {2016-12-20 07:52:13 +0000},
	Doi = {10.1088/2041-8205/760/1/L17},
	Eid = {L17},
	Eprint = {1210.5252},
	Journal = {\apjl},
	Keywords = {protoplanetary disks, stars: individual: AS 209},
	Month = nov,
	Pages = {L17},
	Primaryclass = {astro-ph.SR},
	Title = {{Constraints on the Radial Variation of Grain Growth in the AS 209 Circumstellar Disk}},
	Volume = 760,
	Year = 2012,
	Bdsk-Url-1 = {http://dx.doi.org/10.1088/2041-8205/760/1/L17}}

@article{2014ApJ...788..129I,
	Adsnote = {Provided by the SAO/NASA Astrophysics Data System},
	Adsurl = {http://adsabs.harvard.edu/abs/2014ApJ...788..129I},
	Archiveprefix = {arXiv},
	Author = {{Isella}, A. and {Chandler}, C.~J. and {Carpenter}, J.~M. and {P{\'e}rez}, L.~M. and {Ricci}, L.},
	Date-Added = {2016-12-20 07:51:27 +0000},
	Date-Modified = {2016-12-20 07:51:27 +0000},
	Doi = {10.1088/0004-637X/788/2/129},
	Eid = {129},
	Eprint = {1404.5627},
	Journal = {\apj},
	Keywords = {planet-disk interactions, protoplanetary disks, submillimeter: planetary systems, techniques: high angular resolution, techniques: interferometric},
	Month = jun,
	Pages = {129},
	Primaryclass = {astro-ph.EP},
	Title = {{Searching for Circumplanetary Disks around LkCa 15}},
	Volume = 788,
	Year = 2014,
	Bdsk-Url-1 = {http://dx.doi.org/10.1088/0004-637X/788/2/129}}

@article{2012ApJ...747..136I,
	Adsnote = {Provided by the SAO/NASA Astrophysics Data System},
	Adsurl = {http://adsabs.harvard.edu/abs/2012ApJ...747..136I},
	Archiveprefix = {arXiv},
	Author = {{Isella}, A. and {P{\'e}rez}, L.~M. and {Carpenter}, J.~M.},
	Date-Added = {2016-12-20 07:51:27 +0000},
	Date-Modified = {2016-12-20 07:51:27 +0000},
	Doi = {10.1088/0004-637X/747/2/136},
	Eid = {136},
	Eprint = {1201.1001},
	Journal = {\apj},
	Keywords = {instrumentation: interferometers, planet-disk interactions, protoplanetary disks, stars: low-mass, stars: pre-main sequence, techniques: high angular resolution},
	Month = mar,
	Pages = {136},
	Primaryclass = {astro-ph.EP},
	Title = {{On the Nature of the Transition Disk around LkCa 15}},
	Volume = 747,
	Year = 2012,
	Bdsk-Url-1 = {http://dx.doi.org/10.1088/0004-637X/747/2/136}}

@article{2009ApJ...701..260I,
	Adsnote = {Provided by the SAO/NASA Astrophysics Data System},
	Adsurl = {http://adsabs.harvard.edu/abs/2009ApJ...701..260I},
	Archiveprefix = {arXiv},
	Author = {{Isella}, A. and {Carpenter}, J.~M. and {Sargent}, A.~I.},
	Date-Added = {2016-12-20 07:51:27 +0000},
	Date-Modified = {2016-12-20 07:51:27 +0000},
	Doi = {10.1088/0004-637X/701/1/260},
	Eprint = {0906.2227},
	Journal = {\apj},
	Keywords = {planetary systems: formation, planetary systems: protoplanetary disks, stars: pre-main sequence},
	Month = aug,
	Pages = {260-282},
	Primaryclass = {astro-ph.SR},
	Title = {{Structure and Evolution of Pre-main-sequence Circumstellar Disks}},
	Volume = 701,
	Year = 2009,
	Bdsk-Url-1 = {http://dx.doi.org/10.1088/0004-637X/701/1/260}}

@article{2015ApJ...808L...3A,
	Adsnote = {Provided by the SAO/NASA Astrophysics Data System},
	Adsurl = {http://adsabs.harvard.edu/abs/2015ApJ...808L...3A},
	Archiveprefix = {arXiv},
	Author = {{ALMA Partnership} and {Brogan}, C.~L. and {P{\'e}rez}, L.~M. and {Hunter}, T.~R. and {Dent}, W.~R.~F. and {Hales}, A.~S. and {Hills}, R.~E. and {Corder}, S. and {Fomalont}, E.~B. and {Vlahakis}, C. and {Asaki}, Y. and {Barkats}, D. and {Hirota}, A. and {Hodge}, J.~A. and {Impellizzeri}, C.~M.~V. and {Kneissl}, R. and {Liuzzo}, E. and {Lucas}, R. and {Marcelino}, N. and {Matsushita}, S. and {Nakanishi}, K. and {Phillips}, N. and {Richards}, A.~M.~S. and {Toledo}, I. and {Aladro}, R. and {Broguiere}, D. and {Cortes}, J.~R. and {Cortes}, P.~C. and {Espada}, D. and {Galarza}, F. and {Garcia-Appadoo}, D. and {Guzman-Ramirez}, L. and {Humphreys}, E.~M. and {Jung}, T. and {Kameno}, S. and {Laing}, R.~A. and {Leon}, S. and {Marconi}, G. and {Mignano}, A. and {Nikolic}, B. and {Nyman}, L.-A. and {Radiszcz}, M. and {Remijan}, A. and {Rod{\'o}n}, J.~A. and {Sawada}, T. and {Takahashi}, S. and {Tilanus}, R.~P.~J. and {Vila Vilaro}, B. and {Watson}, L.~C. and {Wiklind}, T. and {Akiyama}, E. and {Chapillon}, E. and {de Gregorio-Monsalvo}, I. and {Di Francesco}, J. and {Gueth}, F. and {Kawamura}, A. and {Lee}, C.-F. and {Nguyen Luong}, Q. and {Mangum}, J. and {Pietu}, V. and {Sanhueza}, P. and {Saigo}, K. and {Takakuwa}, S. and {Ubach}, C. and {van Kempen}, T. and {Wootten}, A. and {Castro-Carrizo}, A. and {Francke}, H. and {Gallardo}, J. and {Garcia}, J. and {Gonzalez}, S. and {Hill}, T. and {Kaminski}, T. and {Kurono}, Y. and {Liu}, H.-Y. and {Lopez}, C. and {Morales}, F. and {Plarre}, K. and {Schieven}, G. and {Testi}, L. and {Videla}, L. and {Villard}, E. and {Andreani}, P. and {Hibbard}, J.~E. and {Tatematsu}, K.},
	Date-Added = {2016-12-20 07:50:12 +0000},
	Date-Modified = {2016-12-20 07:50:12 +0000},
	Doi = {10.1088/2041-8205/808/1/L3},
	Eid = {L3},
	Eprint = {1503.02649},
	Journal = {\apjl},
	Keywords = {protoplanetary disks, stars: formation, stars: individual: HL Tau, XZ Tau, LkH{$\alpha$}358, submillimeter: planetary systems, techniques: interferometric},
	Month = jul,
	Pages = {L3},
	Primaryclass = {astro-ph.SR},
	Title = {{The 2014 ALMA Long Baseline Campaign: First Results from High Angular Resolution Observations toward the HL Tau Region}},
	Volume = 808,
	Year = 2015,
	Bdsk-Url-1 = {http://dx.doi.org/10.1088/2041-8205/808/1/L3}}

@article{2011ApJ...728...49E,
	Adsnote = {Provided by the SAO/NASA Astrophysics Data System},
	Adsurl = {http://adsabs.harvard.edu/abs/2011ApJ...728...49E},
	Archiveprefix = {arXiv},
	Author = {{Espaillat}, C. and {Furlan}, E. and {D'Alessio}, P. and {Sargent}, B. and {Nagel}, E. and {Calvet}, N. and {Watson}, D.~M. and {Muzerolle}, J.},
	Date-Added = {2016-12-20 07:48:55 +0000},
	Date-Modified = {2016-12-20 07:48:55 +0000},
	Doi = {10.1088/0004-637X/728/1/49},
	Eid = {49},
	Eprint = {1012.3500},
	Journal = {\apj},
	Keywords = {accretion, accretion disks, circumstellar matter, protoplanetary disks, stars: formation, stars: low-mass, stars: pre-main sequence},
	Month = feb,
	Pages = {49},
	Primaryclass = {astro-ph.SR},
	Title = {{A Spitzer IRS Study of Infrared Variability in Transitional and Pre-transitional Disks Around T Tauri Stars}},
	Volume = 728,
	Year = 2011,
	Bdsk-Url-1 = {http://dx.doi.org/10.1088/0004-637X/728/1/49}}

@article{2015Natur.527..342S,
	Adsnote = {Provided by the SAO/NASA Astrophysics Data System},
	Adsurl = {http://adsabs.harvard.edu/abs/2015Natur.527..342S},
	Archiveprefix = {arXiv},
	Author = {{Sallum}, S. and {Follette}, K.~B. and {Eisner}, J.~A. and {Close}, L.~M. and {Hinz}, P. and {Kratter}, K. and {Males}, J. and {Skemer}, A. and {Macintosh}, B. and {Tuthill}, P. and {Bailey}, V. and {Defr{\`e}re}, D. and {Morzinski}, K. and {Rodigas}, T. and {Spalding}, E. and {Vaz}, A. and {Weinberger}, A.~J.},
	Date-Added = {2016-12-20 07:47:33 +0000},
	Date-Modified = {2016-12-20 07:47:33 +0000},
	Doi = {10.1038/nature15761},
	Eprint = {1511.07456},
	Journal = {\nat},
	Month = nov,
	Pages = {342-344},
	Primaryclass = {astro-ph.EP},
	Title = {{Accreting protoplanets in the LkCa 15 transition disk}},
	Volume = 527,
	Year = 2015,
	Bdsk-Url-1 = {http://dx.doi.org/10.1038/nature15761}}

@article{2014A&A...564A..51P,
	Adsnote = {Provided by the SAO/NASA Astrophysics Data System},
	Adsurl = {http://adsabs.harvard.edu/abs/2014A%26A...564A..51P},
	Archiveprefix = {arXiv},
	Author = {{Pinilla}, P. and {Benisty}, M. and {Birnstiel}, T. and {Ricci}, L. and {Isella}, A. and {Natta}, A. and {Dullemond}, C.~P. and {Quiroga-Nu{\~n}ez}, L.~H. and {Henning}, T. and {Testi}, L.},
	Date-Added = {2016-12-20 07:46:55 +0000},
	Date-Modified = {2016-12-20 07:46:55 +0000},
	Doi = {10.1051/0004-6361/201323322},
	Eid = {A51},
	Eprint = {1402.5778},
	Journal = {\aap},
	Keywords = {accretion, accretion disks, protoplanetary disks, circumstellar matter, planets and satellites: formation},
	Month = apr,
	Pages = {A51},
	Primaryclass = {astro-ph.EP},
	Title = {{Millimetre spectral indices of transition disks and their relation to the cavity radius}},
	Volume = 564,
	Year = 2014,
	Bdsk-Url-1 = {http://dx.doi.org/10.1051/0004-6361/201323322}}

@article{2016ApJ...832..178V,
	Adsnote = {Provided by the SAO/NASA Astrophysics Data System},
	Adsurl = {http://adsabs.harvard.edu/abs/2016ApJ...832..178V},
	Archiveprefix = {arXiv},
	Author = {{van der Marel}, N. and {Cazzoletti}, P. and {Pinilla}, P. and {Garufi}, A.},
	Date-Added = {2016-12-20 07:45:29 +0000},
	Date-Modified = {2016-12-20 07:45:29 +0000},
	Doi = {10.3847/0004-637X/832/2/178},
	Eid = {178},
	Eprint = {1607.05775},
	Journal = {\apj},
	Keywords = {instabilities, planet{\ndash}disk interactions, planets and satellites: formation, protoplanetary disks},
	Month = dec,
	Pages = {178},
	Primaryclass = {astro-ph.EP},
	Title = {{Vortices and Spirals in the HD135344B Transition Disk}},
	Volume = 832,
	Year = 2016,
	Bdsk-Url-1 = {http://dx.doi.org/10.3847/0004-637X/832/2/178}}

@article{2016A&A...592A.126V,
	Adsnote = {Provided by the SAO/NASA Astrophysics Data System},
	Adsurl = {http://adsabs.harvard.edu/abs/2016A%26A...592A.126V},
	Archiveprefix = {arXiv},
	Author = {{van der Marel}, N. and {Verhaar}, B.~W. and {van Terwisga}, S. and {Mer{\'{\i}}n}, B. and {Herczeg}, G. and {Ligterink}, N.~F.~W. and {van Dishoeck}, E.~F.},
	Date-Added = {2016-12-20 07:45:29 +0000},
	Date-Modified = {2016-12-20 07:45:29 +0000},
	Doi = {10.1051/0004-6361/201628075},
	Eid = {A126},
	Eprint = {1603.07255},
	Journal = {\aap},
	Keywords = {protoplanetary disks, planets and satellites: formation, planet-disk interactions},
	Month = aug,
	Pages = {A126},
	Primaryclass = {astro-ph.EP},
	Title = {{The (w)hole survey: An unbiased sample study of transition disk candidates based on Spitzer catalogs}},
	Volume = 592,
	Year = 2016,
	Bdsk-Url-1 = {http://dx.doi.org/10.1051/0004-6361/201628075}}

@article{2016A&A...585A..58V,
	Adsnote = {Provided by the SAO/NASA Astrophysics Data System},
	Adsurl = {http://adsabs.harvard.edu/abs/2016A%26A...585A..58V},
	Archiveprefix = {arXiv},
	Author = {{van der Marel}, N. and {van Dishoeck}, E.~F. and {Bruderer}, S. and {Andrews}, S.~M. and {Pontoppidan}, K.~M. and {Herczeg}, G.~J. and {van Kempen}, T. and {Miotello}, A.},
	Date-Added = {2016-12-20 07:45:29 +0000},
	Date-Modified = {2016-12-20 07:45:29 +0000},
	Doi = {10.1051/0004-6361/201526988},
	Eid = {A58},
	Eprint = {1511.07149},
	Journal = {\aap},
	Keywords = {astrochemistry, stars: formation, protoplanetary disks, ISM: molecules},
	Month = jan,
	Pages = {A58},
	Primaryclass = {astro-ph.EP},
	Title = {{Resolved gas cavities in transitional disks inferred from CO isotopologs with ALMA}},
	Volume = 585,
	Year = 2016,
	Bdsk-Url-1 = {http://dx.doi.org/10.1051/0004-6361/201526988}}

@article{2015A&A...579A.106V,
	Adsnote = {Provided by the SAO/NASA Astrophysics Data System},
	Adsurl = {http://adsabs.harvard.edu/abs/2015A%26A...579A.106V},
	Archiveprefix = {arXiv},
	Author = {{van der Marel}, N. and {van Dishoeck}, E.~F. and {Bruderer}, S. and {P{\'e}rez}, L. and {Isella}, A.},
	Date-Added = {2016-12-20 07:45:29 +0000},
	Date-Modified = {2016-12-20 07:45:29 +0000},
	Doi = {10.1051/0004-6361/201525658},
	Eid = {A106},
	Eprint = {1504.03927},
	Journal = {\aap},
	Keywords = {astrochemistry, protoplanetary disks, planet-disk interactions, ISM: molecules, stars: formation},
	Month = jul,
	Pages = {A106},
	Primaryclass = {astro-ph.EP},
	Title = {{Gas density drops inside dust cavities of transitional disks around young stars observed with ALMA}},
	Volume = 579,
	Year = 2015,
	Bdsk-Url-1 = {http://dx.doi.org/10.1051/0004-6361/201525658}}

@article{2013Sci...340.1199V,
	Adsnote = {Provided by the SAO/NASA Astrophysics Data System},
	Adsurl = {http://adsabs.harvard.edu/abs/2013Sci...340.1199V},
	Archiveprefix = {arXiv},
	Author = {{van der Marel}, N. and {van Dishoeck}, E.~F. and {Bruderer}, S. and {Birnstiel}, T. and {Pinilla}, P. and {Dullemond}, C.~P. and {van Kempen}, T.~A. and {Schmalzl}, M. and {Brown}, J.~M. and {Herczeg}, G.~J. and {Mathews}, G.~S. and {Geers}, V.},
	Date-Added = {2016-12-20 07:45:29 +0000},
	Date-Modified = {2016-12-20 07:45:29 +0000},
	Doi = {10.1126/science.1236770},
	Eprint = {1306.1768},
	Journal = {Science},
	Month = jun,
	Pages = {1199-1202},
	Primaryclass = {astro-ph.EP},
	Title = {{A Major Asymmetric Dust Trap in a Transition Disk}},
	Volume = 340,
	Year = 2013,
	Bdsk-Url-1 = {http://dx.doi.org/10.1126/science.1236770}}

@article{2011ApJ...732...42A,
	Adsnote = {Provided by the SAO/NASA Astrophysics Data System},
	Adsurl = {http://adsabs.harvard.edu/abs/2011ApJ...732...42A},
	Archiveprefix = {arXiv},
	Author = {{Andrews}, S.~M. and {Wilner}, D.~J. and {Espaillat}, C. and {Hughes}, A.~M. and {Dullemond}, C.~P. and {McClure}, M.~K. and {Qi}, C. and {Brown}, J.~M.},
	Date-Added = {2016-12-20 07:42:46 +0000},
	Date-Modified = {2016-12-20 07:42:46 +0000},
	Doi = {10.1088/0004-637X/732/1/42},
	Eid = {42},
	Eprint = {1103.0284},
	Journal = {\apj},
	Keywords = {circumstellar matter, planet-disk interactions, planets and satellites: formation, protoplanetary disks, submillimeter: planetary systems},
	Month = may,
	Pages = {42},
	Title = {{Resolved Images of Large Cavities in Protoplanetary Transition Disks}},
	Volume = 732,
	Year = 2011,
	Bdsk-Url-1 = {http://dx.doi.org/10.1088/0004-637X/732/1/42}}

@article{2014arXiv1402.1354T,
	Adsnote = {Provided by the SAO/NASA Astrophysics Data System},
	Adsurl = {http://adsabs.harvard.edu/abs/2014arXiv1402.1354T},
	Archiveprefix = {arXiv},
	Author = {{Testi}, L. and {Birnstiel}, T. and {Ricci}, L. and {Andrews}, S. and {Blum}, J. and {Carpenter}, J. and {Dominik}, C. and {Isella}, A. and {Natta}, A. and {Williams}, J. and {Wilner}, D.},
	Date-Added = {2016-12-20 07:39:34 +0000},
	Date-Modified = {2016-12-20 07:39:34 +0000},
	Eprint = {1402.1354},
	Journal = {ArXiv e-prints},
	Keywords = {Astrophysics - Solar and Stellar Astrophysics, Astrophysics - Earth and Planetary Astrophysics},
	Month = feb,
	Primaryclass = {astro-ph.SR},
	Title = {{Dust Evolution in Protoplanetary Disks}},
	Year = 2014}

@article{2011ARA&A..49...67W,
	Abstract = {{Flattened, rotating disks of cool dust and gas extending for tens to
hundreds of astronomical units are found around almost all low-mass
stars shortly after their birth. These disks generally persist for
several million years, during which time some material accretes onto the
star, some is lost through outflows and photoevaporation, and some
condenses into centimeter- and larger-sized bodies or planetesimals.
Through observations mainly at IR through millimeter wavelengths, we can
determine how common disks are at different ages; measure basic
properties including mass, size, structure, and composition; and follow
their varied evolutionary pathways. In this way, we see the first steps
toward exoplanet formation and learn about the origins of the Solar
System. This review addresses observations of the outer parts, beyond 1
AU, of protoplanetary disks with a focus on recent IR and
(sub)millimeter results and an eye to the promise of new facilities in
the immediate future.
}},
	Adsnote = {Provided by the SAO/NASA Astrophysics Data System},
	Adsurl = {http://adsabs.harvard.edu/abs/2011ARA%26A..49...67W},
	Archiveprefix = {arXiv},
	Author = {{Williams}, J.~P. and {Cieza}, L.~A.},
	Date-Added = {2016-12-20 07:39:34 +0000},
	Date-Modified = {2016-12-20 07:39:34 +0000},
	Doi = {10.1146/annurev-astro-081710-102548},
	Eprint = {1103.0556},
	Journal = {\araa},
	Month = sep,
	Pages = {67-117},
	Primaryclass = {astro-ph.GA},
	Title = {{Protoplanetary Disks and Their Evolution}},
	Volume = 49,
	Year = 2011,
	Bdsk-File-1 = {YnBsaXN0MDDUAQIDBAUGJCVYJHZlcnNpb25YJG9iamVjdHNZJGFyY2hpdmVyVCR0b3ASAAGGoKgHCBMUFRYaIVUkbnVsbNMJCgsMDxJXTlMua2V5c1pOUy5vYmplY3RzViRjbGFzc6INDoACgAOiEBGABIAFgAdccmVsYXRpdmVQYXRoWWFsaWFzRGF0YV8QLy4uLy4uLy4uLy4uL0RvY3VtZW50cy9CaWJEZXNrL1BhcGVycy9XQzIwMTEucGRm0hcLGBlXTlMuZGF0YU8RAZIAAAAAAZIAAgAADE1hY2ludG9zaCBIRAAAAAAAAAAAAAAAAAAAANCnKl1IKwAAABJ6awpXQzIwMTEucGRmAAAAAAAAAAAAAAAAAAAAAAAAAAAAAAAAAAAAAAAAAAAAAAAAAAAAAAAAAAAAAAAAAAAAAAAAEnrD0ESI+AAAAAAAAAAAAAQABAAACSAAAAAAAAAAAAAAAAAAAAAGUGFwZXJzABAACAAA0KccTQAAABEACAAA0ERs2AAAAAEAFAASemsAEnngABJ4ZwAN8FkAAmbmAAIAQk1hY2ludG9zaCBIRDpVc2VyczoAbHRlc3RpOgBEb2N1bWVudHM6AEJpYkRlc2s6AFBhcGVyczoAV0MyMDExLnBkZgAOABYACgBXAEMAMgAwADEAMQAuAHAAZABmAA8AGgAMAE0AYQBjAGkAbgB0AG8AcwBoACAASABEABIAMFVzZXJzL2x0ZXN0aS9Eb2N1bWVudHMvQmliRGVzay9QYXBlcnMvV0MyMDExLnBkZgATAAEvAAAVAAIADf//AACABtIbHB0eWiRjbGFzc25hbWVYJGNsYXNzZXNdTlNNdXRhYmxlRGF0YaMdHyBWTlNEYXRhWE5TT2JqZWN00hscIiNcTlNEaWN0aW9uYXJ5oiIgXxAPTlNLZXllZEFyY2hpdmVy0SYnVHJvb3SAAQAIABEAGgAjAC0AMgA3AEAARgBNAFUAYABnAGoAbABuAHEAcwB1AHcAhACOAMAAxQDNAmMCZQJqAnUCfgKMApAClwKgAqUCsgK1AscCygLPAAAAAAAAAgEAAAAAAAAAKAAAAAAAAAAAAAAAAAAAAtE=},
	Bdsk-Url-1 = {http://dx.doi.org/10.1146/annurev-astro-081710-102548}}
