@article{2004ApJ...607..890F,
 adsnote = {Provided by the SAO/NASA Astrophysics Data System},
 adsurl = {http://adsabs.harvard.edu/abs/2004ApJ...607..890F},
 author = {{Font}, A.~S. and {McCarthy}, I.~G. and {Johnstone}, D. and
{Ballantyne}, D.~R.},
 eprint = {astro-ph/0402241},
 journal = {\apj},
 keyword = {Accretion, Accretion Disks, Hydrodynamics, Stars: Formation},
 month = {jun},
 pages = {890-903},
 title = {Photoevaporation of Circumstellar Disks around Young Stars},
 volume = {607},
 year = {2004}
}

@article{2009A&A...496..597F,
 adsnote = {Provided by the SAO/NASA Astrophysics Data System},
 adsurl = {http://adsabs.harvard.edu/abs/2009A%26A...496..597F},
 archiveprefix = {arXiv},
 author = {{Fromang}, S. and {Nelson}, R.~P.},
 eprint = {0901.4434},
 journal = {\aap},
 keyword = {accretion, accretion disks, Magnetohydrodynamics (MHD), methods: numerical, turbulence},
 month = {mar},
 pages = {597-608},
 primaryclass = {astro-ph.EP},
 title = {Global MHD simulations of stratified and turbulent protoplanetary discs. II. Dust settling},
 volume = {496},
 year = {2009}
}

@article{2010A&A...513A..79B,
 adsnote = {Provided by the SAO/NASA Astrophysics Data System},
 adsurl = {http://adsabs.harvard.edu/abs/2010A%26A...513A..79B},
 archiveprefix = {arXiv},
 author = {{Birnstiel}, T. and {Dullemond}, C.~P. and {Brauer}, F.},
 eid = {A79},
 eprint = {1002.0335},
 journal = {\aap},
 keyword = {accretion, accretion disks, circumstellar matter, stars: formation, stars: pre-main sequence, infrared: stars},
 month = {apr},
 pages = {A79},
 primaryclass = {astro-ph.EP},
 title = {Gas- and dust evolution in protoplanetary disks},
 volume = {513},
 year = {2010}
}

@article{2011MNRAS.411.1104O,
 adsnote = {Provided by the SAO/NASA Astrophysics Data System},
 adsurl = {http://adsabs.harvard.edu/abs/2011MNRAS.411.1104O},
 archiveprefix = {arXiv},
 author = {{Owen}, J.~E. and {Ercolano}, B. and {Clarke}, C.~J.},
 eprint = {1010.1079},
 journal = {\mnras},
 keyword = {accretion, accretion discs, protoplanetary discs, circumstellar matter, stars: pre-main-sequence},
 month = {feb},
 pages = {1104-1110},
 primaryclass = {astro-ph.SR},
 title = {The imprint of photoevaporation on edge-on discs},
 volume = {411},
 year = {2011}
}

@article{2012A&A...539A.148B,
 adsnote = {Provided by the SAO/NASA Astrophysics Data System},
 adsurl = {http://adsabs.harvard.edu/abs/2012A%26A...539A.148B},
 archiveprefix = {arXiv},
 author = {{Birnstiel}, T. and {Klahr}, H. and {Ercolano}, B.},
 eid = {A148},
 eprint = {1201.5781},
 journal = {\aap},
 keyword = {accretion, accretion disks, protoplanetary disks, stars: pre-main sequence, circumstellar matter, planets and satellites: formation},
 month = {mar},
 pages = {A148},
 primaryclass = {astro-ph.EP},
 title = {A simple model for the evolution of the dust population in protoplanetary disks},
 volume = {539},
 year = {2012}
}

@article{2015ApJ...813L..14B,
 adsnote = {Provided by the SAO/NASA Astrophysics Data System},
 adsurl = {http://adsabs.harvard.edu/abs/2015ApJ...813L..14B},
 archiveprefix = {arXiv},
 author = {{Birnstiel}, T. and {Andrews}, S.~M. and {Pinilla}, P. and {Kama}, M.},
 eid = {L14},
 eprint = {1510.05660},
 journal = {\apjl},
 keyword = {accretion, accretion disks, circumstellar matter, protoplanetary disks},
 month = {nov},
 pages = {L14},
 primaryclass = {astro-ph.EP},
 title = {Dust Evolution Can Produce Scattered Light Gaps in Protoplanetary Disks},
 volume = {813},
 year = {2015}
}

@article{2016ApJ...822..111K,
 adsnote = {Provided by the SAO/NASA Astrophysics Data System},
 adsurl = {http://adsabs.harvard.edu/abs/2016ApJ...822..111K},
 archiveprefix = {arXiv},
 author = {{Krijt}, S. and {Ciesla}, F.~J.},
 eid = {111},
 eprint = {1603.02630},
 journal = {\apj},
 keyword = {circumstellar matter, methods: numerical, protoplanetary disks},
 month = {may},
 pages = {111},
 primaryclass = {astro-ph.EP},
 title = {Dust Diffusion and Settling in the Presence of Collisions: Trapping (sub)micron Grains in the Midplane},
 volume = {822},
 year = {2016}
}

