@inproceedings{1972fpp..conf..211W,
 adsnote = {Provided by the SAO/NASA Astrophysics Data System},
 adsurl = {http://adsabs.harvard.edu/abs/1972fpp..conf..211W},
 author = {{Whipple}, F.~L.},
 booktitle = {From Plasma to Planet},
 editor = {{Elvius}, A.},
 pages = {211},
 title = {On certain aerodynamic processes for asteroids and comets},
 year = {1972}
}

@article{1977MNRAS.180...57W,
 adsnote = {Provided by the SAO/NASA Astrophysics Data System},
 adsurl = {http://adsabs.harvard.edu/abs/1977MNRAS.180...57W},
 author = {{Weidenschilling}, S.~J.},
 journal = {\mnras},
 keyword = {Aerodynamic Drag, Interplanetary Dust, Nebulae, Radial Velocity, Solids, Sun, Equations Of Motion, Fractionation, Orbital Velocity, Particle Collisions, Particle Motion, Pressure Gradients, Stellar Models, Wind Velocity},
 month = {jul},
 pages = {57-70},
 title = {Aerodynamics of solid bodies in the solar nebula},
 volume = {180},
 year = {1977}
}

@article{1986Icar...67..375N,
 adsnote = {Provided by the SAO/NASA Astrophysics Data System},
 adsurl = {http://adsabs.harvard.edu/abs/1986Icar...67..375N},
 author = {{Nakagawa}, Y. and {Sekiya}, M. and {Hayashi}, C.},
 journal = {\icarus},
 keyword = {Cosmic Dust, Laminar Flow, Particle Size Distribution, Solar Corona, Stellar Evolution, Computational Astrophysics, Convection Currents, Plasma Turbulence, Stellar Mass, Two Phase Flow},
 month = {sep},
 pages = {375-390},
 title = {Settling and growth of dust particles in a laminar phase of a low-mass solar nebula},
 volume = {67},
 year = {1986}
}

@article{1995A&A...295L...1B,
 adsnote = {Provided by the SAO/NASA Astrophysics Data System},
 adsurl = {http://adsabs.harvard.edu/abs/1995A%26A...295L...1B},
 author = {{Barge}, P. and {Sommeria}, J.},
 eprint = {astro-ph/9501050},
 journal = {\aap},
 keyword = {Astronomical Models, Cosmology, Gases, Gravitational Collapse, Planetary Evolution, Planetary Nebulae, Protoplanets, Vortices, Accretion Disks, Gravitational Effects, Planetary Mass, Planetary Orbits, Trapped Particles, Turbulent Diffusion},
 month = {mar},
 pages = {L1-L4},
 title = {Did planet formation begin inside persistent gaseous vortices?},
 volume = {295},
 year = {1995}
}

@article{1997Icar..128..213K,
 adsnote = {Provided by the SAO/NASA Astrophysics Data System},
 adsurl = {http://adsabs.harvard.edu/abs/1997Icar..128..213K},
 author = {{Klahr}, H.~H. and {Henning}, T.},
 journal = {\icarus},
 month = {jul},
 pages = {213-229},
 title = {Particle-Trapping Eddies in Protoplanetary Accretion Disks},
 volume = {128},
 year = {1997}
}

@article{1997Icar..128..213K,
 adsnote = {Provided by the SAO/NASA Astrophysics Data System},
 adsurl = {http://adsabs.harvard.edu/abs/1997Icar..128..213K},
 author = {{Klahr}, H.~H. and {Henning}, T.},
 journal = {\icarus},
 month = {jul},
 pages = {213-229},
 title = {Particle-Trapping Eddies in Protoplanetary Accretion Disks},
 volume = {128},
 year = {1997}
}

@article{2000ApJ...533.1023L,
 adsnote = {Provided by the SAO/NASA Astrophysics Data System},
 adsurl = {http://adsabs.harvard.edu/abs/2000ApJ...533.1023L},
 author = {{Li}, H. and {Finn}, J.~M. and {Lovelace}, R.~V.~E. and {Colgate}, S.~A.},
 eprint = {astro-ph/9907279},
 journal = {\apj},
 keyword = {ACCRETION, ACCRETION DISKS, HYDRODYNAMICS, INSTABILITIES, WAVES},
 month = {apr},
 pages = {1023-1034},
 title = {Rossby Wave Instability of Thin Accretion Disks. II. Detailed Linear Theory},
 volume = {533},
 year = {2000}
}

@article{2001ApJ...551..874L,
 adsnote = {Provided by the SAO/NASA Astrophysics Data System},
 adsurl = {http://adsabs.harvard.edu/abs/2001ApJ...551..874L},
 author = {{Li}, H. and {Colgate}, S.~A. and {Wendroff}, B. and {Liska}, R.},
 eprint = {astro-ph/0012479},
 journal = {\apj},
 keyword = {Accretion, Accretion Disks, Hydrodynamics, Instabilities, Waves},
 month = {apr},
 pages = {874-896},
 title = {Rossby Wave Instability of Thin Accretion Disks. III. Nonlinear Simulations},
 volume = {551},
 year = {2001}
}

@article{2001ApJ...560..957D,
 adsnote = {Provided by the SAO/NASA Astrophysics Data System},
 adsurl = {http://adsabs.harvard.edu/abs/2001ApJ...560..957D},
 author = {{Dullemond}, C.~P. and {Dominik}, C. and {Natta}, A.},
 eprint = {astro-ph/0106470},
 journal = {\apj},
 keyword = {Stars: Circumstellar Matter, Infrared: Stars, Stars: Emission-Line, Be},
 month = {oct},
 pages = {957-969},
 title = {Passive Irradiated Circumstellar Disks with an Inner Hole},
 volume = {560},
 year = {2001}
}

@article{2001MNRAS.328..485C,
 adsnote = {Provided by the SAO/NASA Astrophysics Data System},
 adsurl = {http://adsabs.harvard.edu/abs/2001MNRAS.328..485C},
 author = {{Clarke}, C.~J. and {Gendrin}, A. and {Sotomayor}, M.},
 journal = {\mnras},
 keyword = {ACCRETION, ACCRETION DISCS, CIRCUMSTELLAR MATTER, PLANETARY SYSTEMS: FORMATION, STARS: PRE-MAIN-SEQUENCE},
 month = {dec},
 pages = {485-491},
 title = {The dispersal of circumstellar discs: the role of the ultraviolet switch},
 volume = {328},
 year = {2001}
}

@article{2002A&A...389..464D,
 adsnote = {Provided by the SAO/NASA Astrophysics Data System},
 adsurl = {http://adsabs.harvard.edu/abs/2002A%26A...389..464D},
 author = {{Dullemond}, C.~P. and {van Zadelhoff}, G.~J. and {Natta}, A.},
 eprint = {astro-ph/0204281},
 journal = {\aap},
 keyword = {accretion, accretion disks, stars: circumstellar matter, stars: formation, stars: pre-main sequence, infrared: stars},
 month = {jul},
 pages = {464-474},
 title = {Vertical structure models of T Tauri and Herbig Ae/Be disks},
 volume = {389},
 year = {2002}
}

@article{2004A&A...417..159D,
 adsnote = {Provided by the SAO/NASA Astrophysics Data System},
 adsurl = {http://adsabs.harvard.edu/abs/2004A%26A...417..159D},
 author = {{Dullemond}, C.~P. and {Dominik}, C.},
 eprint = {astro-ph/0401495},
 journal = {\aap},
 keyword = {accretion, accretion disks, stars: circumstellar matter, stars: formation, stars: pre-main-sequence, infrared: stars},
 month = {apr},
 pages = {159-168},
 title = {Flaring vs. self-shadowed disks: The SEDs of Herbig Ae/Be stars},
 volume = {417},
 year = {2004}
}

@article{2004A&A...425L...9P,
 adsnote = {Provided by the SAO/NASA Astrophysics Data System},
 adsurl = {http://adsabs.harvard.edu/abs/2004A%26A...425L...9P},
 author = {{Paardekooper}, S.-J. and {Mellema}, G.},
 eprint = {astro-ph/0408202},
 journal = {\aap},
 keyword = {hydrodynamics, stars: planetary systems},
 month = {oct},
 pages = {L9-L12},
 title = {Planets opening dust gaps in gas disks},
 volume = {425},
 year = {2004}
}

@article{2005A&A...434..971D,
 adsnote = {Provided by the SAO/NASA Astrophysics Data System},
 adsurl = {http://adsabs.harvard.edu/abs/2005A%26A...434..971D},
 author = {{Dullemond}, C.~P. and {Dominik}, C.},
 eprint = {astro-ph/0412117},
 journal = {\aap},
 keyword = {accretion, accretion disks, stars: circumstellar matter, stars: formation, stars: pre-main sequence, infrared: stars, ISM: dust, extinction},
 month = {may},
 pages = {971-986},
 title = {Dust coagulation in protoplanetary disks: A rapid depletion of small grains},
 volume = {434},
 year = {2005}
}

@article{2005ApJ...620..459Y,
 adsnote = {Provided by the SAO/NASA Astrophysics Data System},
 adsurl = {http://adsabs.harvard.edu/abs/2005ApJ...620..459Y},
 author = {{Youdin}, A.~N. and {Goodman}, J.},
 eprint = {astro-ph/0409263},
 journal = {\apj},
 keyword = {Hydrodynamics, Instabilities, Stars: Planetary Systems: Formation, Stars: Planetary Systems: Protoplanetary Disks},
 month = {feb},
 pages = {459-469},
 title = {Streaming Instabilities in Protoplanetary Disks},
 volume = {620},
 year = {2005}
}

@article{2005ApJ...623L.149T,
 adsnote = {Provided by the SAO/NASA Astrophysics Data System},
 adsurl = {http://adsabs.harvard.edu/abs/2005ApJ...623L.149T},
 author = {{Throop}, H.~B. and {Bally}, J.},
 eprint = {astro-ph/0411647},
 journal = {\apjl},
 keyword = {Stars: Planetary Systems: Formation, Stars: Planetary Systems: Protoplanetary Disks, Solar System: Formation},
 month = {apr},
 pages = {L149-L152},
 title = {Can Photoevaporation Trigger Planetesimal Formation?},
 volume = {623},
 year = {2005}
}

@article{2005ApJ...625..414T,
 adsnote = {Provided by the SAO/NASA Astrophysics Data System},
 adsurl = {http://adsabs.harvard.edu/abs/2005ApJ...625..414T},
 author = {{Tanaka}, H. and {Himeno}, Y. and {Ida}, S.},
 eprint = {astro-ph/0502287},
 journal = {\apj},
 keyword = {Stars: Circumstellar Matter, ISM: Dust, Extinction, Infrared: Stars, Stars: Planetary Systems: Protoplanetary Disks, Stars: Pre-Main-Sequence},
 month = {may},
 pages = {414-426},
 title = {Dust Growth and Settling in Protoplanetary Disks and Disk Spectral Energy Distributions. I. Laminar Disks},
 volume = {625},
 year = {2005}
}

@article{2006A&A...453.1129P,
 adsnote = {Provided by the SAO/NASA Astrophysics Data System},
 adsurl = {http://adsabs.harvard.edu/abs/2006A%26A...453.1129P},
 author = {{Paardekooper}, S.-J. and {Mellema}, G.},
 eprint = {astro-ph/0603132},
 journal = {\aap},
 keyword = {hydrodynamics, methods: numerical, stars: planetary systems: protoplanetary disks},
 month = {jul},
 pages = {1129-1140},
 title = {Dust flow in gas disks in the presence of embedded planets},
 volume = {453},
 year = {2006}
}

@article{2006MNRAS.373.1619R,
 adsnote = {Provided by the SAO/NASA Astrophysics Data System},
 adsurl = {http://adsabs.harvard.edu/abs/2006MNRAS.373.1619R},
 author = {{Rice}, W.~K.~M. and {Armitage}, P.~J. and {Wood}, K. and {Lodato}, G.},
 eprint = {astro-ph/0609808},
 journal = {\mnras},
 keyword = {planets and satellites: formation, Solar system: formation, planetary systems: formation},
 month = {dec},
 pages = {1619-1626},
 title = {Dust filtration at gap edges: implications for the spectral energy distributions of discs with embedded planets},
 volume = {373},
 year = {2006}
}

@article{2007ApJ...659..705A,
 adsnote = {Provided by the SAO/NASA Astrophysics Data System},
 adsurl = {http://adsabs.harvard.edu/abs/2007ApJ...659..705A},
 author = {{Andrews}, S.~M. and {Williams}, J.~P.},
 eprint = {astro-ph/0610813},
 journal = {\apj},
 keyword = {Accretion, Accretion Disks, Stars: Circumstellar Matter, Stars: Planetary Systems: Protoplanetary Disks, Solar System: Formation, Stars: Pre-Main-Sequence},
 month = {apr},
 pages = {705-728},
 title = {High-Resolution Submillimeter Constraints on Circumstellar Disk Structure},
 volume = {659},
 year = {2007}
}

@article{2007ApJ...664L..55K,
 adsnote = {Provided by the SAO/NASA Astrophysics Data System},
 adsurl = {http://adsabs.harvard.edu/abs/2007ApJ...664L..55K},
 archiveprefix = {arXiv},
 author = {{Kretke}, K.~A. and {Lin}, D.~N.~C.},
 eprint = {0706.1272},
 journal = {\apjl},
 keyword = {Stars: Planetary Systems: Protoplanetary Disks, Solar System: Formation, Turbulence},
 month = {jul},
 pages = {L55-L58},
 title = {Grain Retention and Formation of Planetesimals near the Snow Line in MRI-driven Turbulent Protoplanetary Disks},
 volume = {664},
 year = {2007}
}

@article{2007Natur.448.1022J,
 adsnote = {Provided by the SAO/NASA Astrophysics Data System},
 adsurl = {http://adsabs.harvard.edu/abs/2007Natur.448.1022J},
 archiveprefix = {arXiv},
 author = {{Johansen}, A. and {Oishi}, J.~S. and {Mac Low}, M.-M. and {Klahr}, H. and
{Henning}, T. and {Youdin}, A.},
 eprint = {0708.3890},
 journal = {\nat},
 month = {aug},
 pages = {1022-1025},
 title = {Rapid planetesimal formation in turbulent circumstellar disks},
 volume = {448},
 year = {2007}
}

@article{2008A&A...480..859B,
 adsnote = {Provided by the SAO/NASA Astrophysics Data System},
 adsurl = {http://adsabs.harvard.edu/abs/2008A%26A...480..859B},
 archiveprefix = {arXiv},
 author = {{Brauer}, F. and {Dullemond}, C.~P. and {Henning}, T.},
 eprint = {0711.2192},
 journal = {\aap},
 keyword = {accretion, accretion disks, circumstellar matter, stars: formation, stars: pre-main-sequence, infrared: stars, planetary systems: protoplanetary disks},
 month = {mar},
 pages = {859-877},
 title = {Coagulation, fragmentation and radial motion of solid particles in protoplanetary disks},
 volume = {480},
 year = {2008}
}

@article{2008A&A...487L...1B,
 adsnote = {Provided by the SAO/NASA Astrophysics Data System},
 adsurl = {http://adsabs.harvard.edu/abs/2008A%26A...487L...1B},
 archiveprefix = {arXiv},
 author = {{Brauer}, F. and {Henning}, T. and {Dullemond}, C.~P.},
 eprint = {0806.1646},
 journal = {\aap},
 keyword = {accretion, accretion disks, circumstellar matter, stars: formation, stars: pre-main-sequence, planetary systems: protoplanetary disks},
 month = {aug},
 pages = {L1-L4},
 title = {Planetesimal formation near the snow line in MRI-driven turbulent protoplanetary disks},
 volume = {487},
 year = {2008}
}

@article{2008A&A...489..931Z,
 adsnote = {Provided by the SAO/NASA Astrophysics Data System},
 adsurl = {http://adsabs.harvard.edu/abs/2008A%26A...489..931Z},
 archiveprefix = {arXiv},
 author = {{Zsom}, A. and {Dullemond}, C.~P.},
 eprint = {0807.5052},
 journal = {\aap},
 keyword = {accretion, accretion disks, methods: statistical, planets and satellites: formation, ISM: dust, extinction},
 month = {oct},
 pages = {931-941},
 title = {A representative particle approach to coagulation and fragmentation of dust aggregates and fluid droplets},
 volume = {489},
 year = {2008}
}

@article{2008ApJ...675L.109B,
 adsnote = {Provided by the SAO/NASA Astrophysics Data System},
 adsurl = {http://adsabs.harvard.edu/abs/2008ApJ...675L.109B},
 archiveprefix = {arXiv},
 author = {{Brown}, J.~M. and {Blake}, G.~A. and {Qi}, C. and {Dullemond}, C.~P. and
{Wilner}, D.~J.},
 eid = {L109},
 eprint = {0802.0998},
 journal = {\apjl},
 keyword = {planetary systems: protoplanetary disks, stars: pre-main sequence},
 month = {mar},
 pages = {L109},
 title = {LkH{$\alpha$} 330: Evidence for Dust Clearing through Resolved Submillimeter Imaging},
 volume = {675},
 year = {2008}
}

@article{2009A&A...493.1125L,
 adsnote = {Provided by the SAO/NASA Astrophysics Data System},
 adsurl = {http://adsabs.harvard.edu/abs/2009A%26A...493.1125L},
 archiveprefix = {arXiv},
 author = {{Lyra}, W. and {Johansen}, A. and {Klahr}, H. and {Piskunov}, N.},
 eprint = {0810.3192},
 journal = {\aap},
 keyword = {accretion, accretion disks, hydrodynamics, instabilities, methods: numerical, solar system: formation, planets and satellites: formation},
 month = {jan},
 pages = {1125-1139},
 title = {Standing on the shoulders of giants. Trojan Earths and vortex trapping in low mass self-gravitating protoplanetary disks of gas and solids},
 volume = {493},
 year = {2009}
}

@article{2009A&A...496..597F,
 adsnote = {Provided by the SAO/NASA Astrophysics Data System},
 adsurl = {http://adsabs.harvard.edu/abs/2009A%26A...496..597F},
 archiveprefix = {arXiv},
 author = {{Fromang}, S. and {Nelson}, R.~P.},
 eprint = {0901.4434},
 journal = {\aap},
 keyword = {accretion, accretion disks, Magnetohydrodynamics (MHD), methods: numerical, turbulence},
 month = {mar},
 pages = {597-608},
 primaryclass = {astro-ph.EP},
 title = {Global MHD simulations of stratified and turbulent protoplanetary discs. II. Dust settling},
 volume = {496},
 year = {2009}
}

@article{2009ApJ...697.1269J,
 adsnote = {Provided by the SAO/NASA Astrophysics Data System},
 adsurl = {http://adsabs.harvard.edu/abs/2009ApJ...697.1269J},
 archiveprefix = {arXiv},
 author = {{Johansen}, A. and {Youdin}, A. and {Klahr}, H.},
 eprint = {0811.3937},
 journal = {\apj},
 keyword = {diffusion, hydrodynamics, instabilities, planetary systems: protoplanetary disks, solar system: formation, turbulence},
 month = {jun},
 pages = {1269-1289},
 title = {Zonal Flows and Long-lived Axisymmetric Pressure Bumps in Magnetorotational Turbulence},
 volume = {697},
 year = {2009}
}

@article{2009ApJ...704..496B,
 adsnote = {Provided by the SAO/NASA Astrophysics Data System},
 adsurl = {http://adsabs.harvard.edu/abs/2009ApJ...704..496B},
 author = {{Brown}, J.~M. and {Blake}, G.~A. and {Qi}, C. and {Dullemond}, C.~P. and
{Wilner}, D.~J. and {Williams}, J.~P.},
 journal = {\apj},
 keyword = {planetary systems: protoplanetary disks, stars: pre-main sequence},
 month = {oct},
 pages = {496-502},
 title = {Evidence for Dust Clearing Through Resolved Submillimeter Imaging},
 volume = {704},
 year = {2009}
}

@article{2009ApJ...704L..75J,
 adsnote = {Provided by the SAO/NASA Astrophysics Data System},
 adsurl = {http://adsabs.harvard.edu/abs/2009ApJ...704L..75J},
 archiveprefix = {arXiv},
 author = {{Johansen}, A. and {Youdin}, A. and {Mac Low}, M.-M.},
 eprint = {0909.0259},
 journal = {\apjl},
 keyword = {diffusion, hydrodynamics, instabilities, planetary systems: protoplanetary disks, solar system: formation, turbulence},
 month = {oct},
 pages = {L75-L79},
 primaryclass = {astro-ph.EP},
 title = {Particle Clumping and Planetesimal Formation Depend Strongly on Metallicity},
 volume = {704},
 year = {2009}
}

@article{2009Icar..204..558M,
 adsnote = {Provided by the SAO/NASA Astrophysics Data System},
 adsurl = {http://adsabs.harvard.edu/abs/2009Icar..204..558M},
 archiveprefix = {arXiv},
 author = {{Morbidelli}, A. and {Bottke}, W.~F. and {Nesvorn{\'y}}, D. and
{Levison}, H.~F.},
 eprint = {0907.2512},
 journal = {\icarus},
 month = {dec},
 pages = {558-573},
 primaryclass = {astro-ph.EP},
 title = {Asteroids were born big},
 volume = {204},
 year = {2009}
}

@article{2010A&A...513A..79B,
 adsnote = {Provided by the SAO/NASA Astrophysics Data System},
 adsurl = {http://adsabs.harvard.edu/abs/2010A%26A...513A..79B},
 archiveprefix = {arXiv},
 author = {{Birnstiel}, T. and {Dullemond}, C.~P. and {Brauer}, F.},
 eid = {A79},
 eprint = {1002.0335},
 journal = {\aap},
 keyword = {accretion, accretion disks, circumstellar matter, stars: formation, stars: pre-main sequence, infrared: stars},
 month = {apr},
 pages = {A79},
 primaryclass = {astro-ph.EP},
 title = {Gas- and dust evolution in protoplanetary disks},
 volume = {513},
 year = {2010}
}

@article{2010A&A...520A..43O,
 adsnote = {Provided by the SAO/NASA Astrophysics Data System},
 adsurl = {http://adsabs.harvard.edu/abs/2010A%26A...520A..43O},
 archiveprefix = {arXiv},
 author = {{Ormel}, C.~W. and {Klahr}, H.~H.},
 eid = {A43},
 eprint = {1007.0916},
 journal = {\aap},
 keyword = {planets and satellites: formation, protoplanetary disks, minor planets, asteroids: general},
 month = {sep},
 pages = {A43},
 primaryclass = {astro-ph.EP},
 title = {The effect of gas drag on the growth of protoplanets. Analytical expressions for the accretion of small bodies in laminar disks},
 volume = {520},
 year = {2010}
}

@article{2010A&A...521A..66R,
 adsnote = {Provided by the SAO/NASA Astrophysics Data System},
 adsurl = {http://adsabs.harvard.edu/abs/2010A%26A...521A..66R},
 archiveprefix = {arXiv},
 author = {{Ricci}, L. and {Testi}, L. and {Natta}, A. and {Brooks}, K.~J.},
 eid = {A66},
 eprint = {1008.1144},
 journal = {\aap},
 keyword = {protoplanetary disks, planets and satellites: formation, stars: pre-main sequence},
 month = {oct},
 pages = {A66},
 primaryclass = {astro-ph.SR},
 title = {Dust grain growth in {$\rho$}-Ophiuchi protoplanetary disks},
 volume = {521},
 year = {2010}
}

@article{2010ApJ...722.1437B,
 adsnote = {Provided by the SAO/NASA Astrophysics Data System},
 adsurl = {http://adsabs.harvard.edu/abs/2010ApJ...722.1437B},
 archiveprefix = {arXiv},
 author = {{Bai}, X.-N. and {Stone}, J.~M.},
 eprint = {1005.4982},
 journal = {\apj},
 keyword = {diffusion, hydrodynamics, instabilities, planets and satellites: formation, protoplanetary disks, turbulence},
 month = {oct},
 pages = {1437-1459},
 primaryclass = {astro-ph.EP},
 title = {Dynamics of Solids in the Midplane of Protoplanetary Disks: Implications for Planetesimal Formation},
 volume = {722},
 year = {2010}
}

@article{2010ARA&A..48..205D,
 adsnote = {Provided by the SAO/NASA Astrophysics Data System},
 adsurl = {http://adsabs.harvard.edu/abs/2010ARA%26A..48..205D},
 archiveprefix = {arXiv},
 author = {{Dullemond}, C.~P. and {Monnier}, J.~D.},
 eprint = {1006.3485},
 journal = {\araa},
 month = {sep},
 pages = {205-239},
 primaryclass = {astro-ph.SR},
 title = {The Inner Regions of Protoplanetary Disks},
 volume = {48},
 year = {2010}
}

@article{2010MNRAS.401.1415O,
 adsnote = {Provided by the SAO/NASA Astrophysics Data System},
 adsurl = {http://adsabs.harvard.edu/abs/2010MNRAS.401.1415O},
 archiveprefix = {arXiv},
 author = {{Owen}, J.~E. and {Ercolano}, B. and {Clarke}, C.~J. and {Alexander}, R.~D.},
 eprint = {0909.4309},
 journal = {\mnras},
 keyword = {accretion, accretion discs, circumstellar matter, planetary systems: protoplanetary discs, stars: pre-main-sequence, X-rays: stars},
 month = {jan},
 pages = {1415-1428},
 primaryclass = {astro-ph.SR},
 title = {Radiation-hydrodynamic models of X-ray and EUV photoevaporating protoplanetary discs},
 volume = {401},
 year = {2010}
}

@article{2011ARA&A..49...67W,
 adsnote = {Provided by the SAO/NASA Astrophysics Data System},
 adsurl = {http://adsabs.harvard.edu/abs/2011ARA%26A..49...67W},
 archiveprefix = {arXiv},
 author = {{Williams}, J.~P. and {Cieza}, L.~A.},
 eprint = {1103.0556},
 journal = {\araa},
 month = {sep},
 pages = {67-117},
 primaryclass = {astro-ph.GA},
 title = {Protoplanetary Disks and Their Evolution},
 volume = {49},
 year = {2011}
}

@article{2011MNRAS.412...13O,
 adsnote = {Provided by the SAO/NASA Astrophysics Data System},
 adsurl = {http://adsabs.harvard.edu/abs/2011MNRAS.412...13O},
 archiveprefix = {arXiv},
 author = {{Owen}, J.~E. and {Ercolano}, B. and {Clarke}, C.~J.},
 eprint = {1010.0826},
 journal = {\mnras},
 keyword = {accretion, accretion discs, protoplanetary discs, circumstellar matter, stars: pre-main-sequence, X-rays: stars},
 month = {mar},
 pages = {13-25},
 primaryclass = {astro-ph.SR},
 title = {Protoplanetary disc evolution and dispersal: the implications of X-ray photoevaporation},
 volume = {412},
 year = {2011}
}

@article{2012A&A...537A.128R,
 adsnote = {Provided by the SAO/NASA Astrophysics Data System},
 adsurl = {http://adsabs.harvard.edu/abs/2012A%26A...537A.128R},
 archiveprefix = {arXiv},
 author = {{Rein}, H. and {Liu}, S.-F.},
 eid = {A128},
 eprint = {1110.4876},
 journal = {\aap},
 keyword = {methods: numerical, planets and satellites: rings, protoplanetary disks},
 month = {jan},
 pages = {A128},
 primaryclass = {astro-ph.EP},
 title = {REBOUND: an open-source multi-purpose N-body code for collisional dynamics},
 volume = {537},
 year = {2012}
}

@article{2012A&A...538A.114P,
 adsnote = {Provided by the SAO/NASA Astrophysics Data System},
 adsurl = {http://adsabs.harvard.edu/abs/2012A%26A...538A.114P},
 archiveprefix = {arXiv},
 author = {{Pinilla}, P. and {Birnstiel}, T. and {Ricci}, L. and {Dullemond}, C.~P. and
{Uribe}, A.~L. and {Testi}, L. and {Natta}, A.},
 eid = {A114},
 eprint = {1112.2349},
 journal = {\aap},
 keyword = {circumstellar matter, accretion, accretion disks, stars: pre-main sequence, planet and satellites: formation, protoplanetary disks},
 month = {feb},
 pages = {A114},
 primaryclass = {astro-ph.EP},
 title = {Trapping dust particles in the outer regions of protoplanetary disks},
 volume = {538},
 year = {2012}
}

@article{2012A&A...539A.148B,
 adsnote = {Provided by the SAO/NASA Astrophysics Data System},
 adsurl = {http://adsabs.harvard.edu/abs/2012A%26A...539A.148B},
 archiveprefix = {arXiv},
 author = {{Birnstiel}, T. and {Klahr}, H. and {Ercolano}, B.},
 eid = {A148},
 eprint = {1201.5781},
 journal = {\aap},
 keyword = {accretion, accretion disks, protoplanetary disks, stars: pre-main sequence, circumstellar matter, planets and satellites: formation},
 month = {mar},
 pages = {A148},
 primaryclass = {astro-ph.EP},
 title = {A simple model for the evolution of the dust population in protoplanetary disks},
 volume = {539},
 year = {2012}
}

@article{2012A&A...539A.148B,
 adsnote = {Provided by the SAO/NASA Astrophysics Data System},
 adsurl = {http://adsabs.harvard.edu/abs/2012A%26A...539A.148B},
 archiveprefix = {arXiv},
 author = {{Birnstiel}, T. and {Klahr}, H. and {Ercolano}, B.},
 eid = {A148},
 eprint = {1201.5781},
 journal = {\aap},
 keyword = {accretion, accretion disks, protoplanetary disks, stars: pre-main sequence, circumstellar matter, planets and satellites: formation},
 month = {mar},
 pages = {A148},
 primaryclass = {astro-ph.EP},
 title = {A simple model for the evolution of the dust population in protoplanetary disks},
 volume = {539},
 year = {2012}
}

@article{2012A&A...544A..32L,
 adsnote = {Provided by the SAO/NASA Astrophysics Data System},
 adsurl = {http://adsabs.harvard.edu/abs/2012A%26A...544A..32L},
 archiveprefix = {arXiv},
 author = {{Lambrechts}, M. and {Johansen}, A.},
 eid = {A32},
 eprint = {1205.3030},
 journal = {\aap},
 keyword = {accretion, accretion disks, hydrodynamics, methods: numerical, planets and satellites: formation, protoplanetary disks},
 month = {aug},
 pages = {A32},
 primaryclass = {astro-ph.EP},
 title = {Rapid growth of gas-giant cores by pebble accretion},
 volume = {544},
 year = {2012}
}

@article{2012A&A...544A..79B,
 adsnote = {Provided by the SAO/NASA Astrophysics Data System},
 adsurl = {http://adsabs.harvard.edu/abs/2012A%26A...544A..79B},
 archiveprefix = {arXiv},
 author = {{Birnstiel}, T. and {Andrews}, S.~M. and {Ercolano}, B.},
 eid = {A79},
 eprint = {1206.5802},
 journal = {\aap},
 keyword = {accretion, accretion disks, protoplanetary disks, stars: pre-main sequence, planets and satellites: formation, circumstellar matter},
 month = {aug},
 pages = {A79},
 primaryclass = {astro-ph.SR},
 title = {Can grain growth explain transition disks?},
 volume = {544},
 year = {2012}
}

@article{2012A&A...545A..81P,
 adsnote = {Provided by the SAO/NASA Astrophysics Data System},
 adsurl = {http://adsabs.harvard.edu/abs/2012A%26A...545A..81P},
 archiveprefix = {arXiv},
 author = {{Pinilla}, P. and {Benisty}, M. and {Birnstiel}, T.},
 eid = {A81},
 eprint = {1207.6485},
 journal = {\aap},
 keyword = {accretion, accretion disks, circumstellar matter, stars: pre-main sequence, planetary systems, planets and satellites: formation, stars: individual: LkCa15},
 month = {sep},
 pages = {A81},
 primaryclass = {astro-ph.EP},
 title = {Ring shaped dust accumulation in transition disks},
 volume = {545},
 year = {2012}
}

@article{2012A&A...547A..58G,
 adsnote = {Provided by the SAO/NASA Astrophysics Data System},
 adsurl = {http://adsabs.harvard.edu/abs/2012A%26A...547A..58G},
 archiveprefix = {arXiv},
 author = {{Gonzalez}, J.-F. and {Pinte}, C. and {Maddison}, S.~T. and
{M{\'e}nard}, F. and {Fouchet}, L.},
 eid = {A58},
 eprint = {1208.5436},
 journal = {\aap},
 keyword = {protoplanetary disks, planet-disk interactions, methods: numerical, submillimeter: planetary systems},
 month = {nov},
 pages = {A58},
 primaryclass = {astro-ph.EP},
 title = {Planet gaps in the dust layer of 3D protoplanetary disks. II. Observability with ALMA},
 volume = {547},
 year = {2012}
}

@article{2012ApJ...755....6Z,
 adsnote = {Provided by the SAO/NASA Astrophysics Data System},
 adsurl = {http://adsabs.harvard.edu/abs/2012ApJ...755....6Z},
 archiveprefix = {arXiv},
 author = {{Zhu}, Z. and {Nelson}, R.~P. and {Dong}, R. and {Espaillat}, C. and
{Hartmann}, L.},
 eid = {6},
 eprint = {1205.5042},
 journal = {\apj},
 keyword = {accretion, accretion disks, astroparticle physics, planet-disk interactions, stars: formation, stars: pre-main sequence},
 month = {aug},
 pages = {6},
 primaryclass = {astro-ph.SR},
 title = {Dust Filtration by Planet-induced Gap Edges: Implications for Transitional Disks},
 volume = {755},
 year = {2012}
}

@article{2012ApJ...761...92F,
 adsnote = {Provided by the SAO/NASA Astrophysics Data System},
 adsurl = {http://adsabs.harvard.edu/abs/2012ApJ...761...92F},
 archiveprefix = {arXiv},
 author = {{Fang}, J. and {Margot}, J.-L.},
 eid = {92},
 eprint = {1207.5250},
 journal = {\apj},
 keyword = {methods: statistical, planetary systems, planets and satellites: detection, planets and satellites: general},
 month = {dec},
 pages = {92},
 primaryclass = {astro-ph.EP},
 title = {Architecture of Planetary Systems Based on Kepler Data: Number of Planets and Coplanarity},
 volume = {761},
 year = {2012}
}

@article{2012MNRAS.419.1701R,
 adsnote = {Provided by the SAO/NASA Astrophysics Data System},
 adsurl = {http://adsabs.harvard.edu/abs/2012MNRAS.419.1701R},
 archiveprefix = {arXiv},
 author = {{Reg{\'a}ly}, Z. and {Juh{\'a}sz}, A. and {S{\'a}ndor}, Z. and
{Dullemond}, C.~P.},
 eprint = {1109.6177},
 journal = {\mnras},
 keyword = {accretion, accretion discs, hydrodynamics, instabilities, methods: numerical, protoplanetary discs},
 month = {jan},
 pages = {1701-1712},
 primaryclass = {astro-ph.SR},
 title = {Possible planet-forming regions on submillimetre images},
 volume = {419},
 year = {2012}
}

@article{2012MNRAS.426L..96O,
 adsnote = {Provided by the SAO/NASA Astrophysics Data System},
 adsurl = {http://adsabs.harvard.edu/abs/2012MNRAS.426L..96O},
 archiveprefix = {arXiv},
 author = {{Owen}, J.~E. and {Clarke}, C.~J.},
 eprint = {1205.5564},
 journal = {\mnras},
 keyword = {protoplanetary discs, planetary systems, stars: pre-main-sequence},
 month = {oct},
 pages = {L96-L100},
 primaryclass = {astro-ph.EP},
 title = {Two populations of transition discs?},
 volume = {426},
 year = {2012}
}

@article{2013A&A...550L...8B,
 adsnote = {Provided by the SAO/NASA Astrophysics Data System},
 adsurl = {http://adsabs.harvard.edu/abs/2013A%26A...550L...8B},
 archiveprefix = {arXiv},
 author = {{Birnstiel}, T. and {Dullemond}, C.~P. and {Pinilla}, P.},
 eid = {L8},
 eprint = {1301.1976},
 journal = {\aap},
 keyword = {accretion, accretion disks, protoplanetary disks, stars: pre-main sequence, planets and satellites: formation, submillimeter: planetary systems, circumstellar matter},
 month = {feb},
 pages = {L8},
 primaryclass = {astro-ph.EP},
 title = {Lopsided dust rings in transition disks},
 volume = {550},
 year = {2013}
}

@article{2013A&A...550L...8B,
 adsnote = {Provided by the SAO/NASA Astrophysics Data System},
 adsurl = {http://adsabs.harvard.edu/abs/2013A%26A...550L...8B},
 archiveprefix = {arXiv},
 author = {{Birnstiel}, T. and {Dullemond}, C.~P. and {Pinilla}, P.},
 eid = {L8},
 eprint = {1301.1976},
 journal = {\aap},
 keyword = {accretion, accretion disks, protoplanetary disks, stars: pre-main sequence, planets and satellites: formation, submillimeter: planetary systems, circumstellar matter},
 month = {feb},
 pages = {L8},
 primaryclass = {astro-ph.EP},
 title = {Lopsided dust rings in transition disks},
 volume = {550},
 year = {2013}
}

@article{2013A&A...553L...3A,
 adsnote = {Provided by the SAO/NASA Astrophysics Data System},
 adsurl = {http://adsabs.harvard.edu/abs/2013A%26A...553L...3A},
 archiveprefix = {arXiv},
 author = {{Ataiee}, S. and {Pinilla}, P. and {Zsom}, A. and {Dullemond}, C.~P. and
{Dominik}, C. and {Ghanbari}, J.},
 eid = {L3},
 eprint = {1304.1736},
 journal = {\aap},
 keyword = {accretion, accretion disks, protoplanetary disks, planet-disk interactions, hydrodynamics},
 month = {may},
 pages = {L3},
 primaryclass = {astro-ph.EP},
 title = {Asymmetric transition disks: Vorticity or eccentricity?},
 volume = {553},
 year = {2013}
}

@article{2013A&A...554A..95P,
 adsnote = {Provided by the SAO/NASA Astrophysics Data System},
 adsurl = {http://adsabs.harvard.edu/abs/2013A%26A...554A..95P},
 archiveprefix = {arXiv},
 author = {{Pinilla}, P. and {Birnstiel}, T. and {Benisty}, M. and {Ricci}, L. and
{Natta}, A. and {Dullemond}, C.~P. and {Dominik}, C. and {Testi}, L.},
 eid = {A95},
 eprint = {1304.6638},
 journal = {\aap},
 keyword = {accretion, accretion disks, protoplanetary disks, circumstellar matter, brown dwarfs, planets and satellites: formation},
 month = {jun},
 pages = {A95},
 primaryclass = {astro-ph.EP},
 title = {Explaining millimeter-sized particles in brown dwarf disks},
 volume = {554},
 year = {2013}
}

@article{2013ApJ...763..117D,
 adsnote = {Provided by the SAO/NASA Astrophysics Data System},
 adsurl = {http://adsabs.harvard.edu/abs/2013ApJ...763..117D},
 archiveprefix = {arXiv},
 author = {{Dittrich}, K. and {Klahr}, H. and {Johansen}, A.},
 eid = {117},
 eprint = {1211.2095},
 journal = {\apj},
 keyword = {magnetohydrodynamics: MHD, planets and satellites: formation, protoplanetary disks},
 month = {feb},
 pages = {117},
 primaryclass = {astro-ph.EP},
 title = {Gravoturbulent Planetesimal Formation: The Positive Effect of Long-lived Zonal Flows},
 volume = {763},
 year = {2013}
}

@article{2013ApJ...775...17L,
 adsnote = {Provided by the SAO/NASA Astrophysics Data System},
 adsurl = {http://adsabs.harvard.edu/abs/2013ApJ...775...17L},
 archiveprefix = {arXiv},
 author = {{Lyra}, W. and {Lin}, M.-K.},
 eid = {17},
 eprint = {1307.3770},
 journal = {\apj},
 keyword = {methods: analytical, planet-disk interactions, planets and satellites: formation, protoplanetary disks},
 month = {sep},
 pages = {17},
 primaryclass = {astro-ph.EP},
 title = {Steady State Dust Distributions in Disk Vortices: Observational Predictions and Applications to Transitional Disks},
 volume = {775},
 year = {2013}
}

@article{2013Natur.493..191C,
 adsnote = {Provided by the SAO/NASA Astrophysics Data System},
 adsurl = {http://adsabs.harvard.edu/abs/2013Natur.493..191C},
 archiveprefix = {arXiv},
 author = {{Casassus}, S. and {van der Plas}, G. and {M}, S.~P. and {Dent}, W.~R.~F. and
{Fomalont}, E. and {Hagelberg}, J. and {Hales}, A. and {Jord{\'a}n}, A. and
{Mawet}, D. and {M{\'e}nard}, F. and {Wootten}, A. and {Wilner}, D. and
{Hughes}, A.~M. and {Schreiber}, M.~R. and {Girard}, J.~H. and
{Ercolano}, B. and {Canovas}, H. and {Rom{\'a}n}, P.~E. and
{Salinas}, V.},
 eprint = {1305.6062},
 journal = {\nat},
 month = {jan},
 pages = {191-194},
 primaryclass = {astro-ph.GA},
 title = {Flows of gas through a protoplanetary gap},
 volume = {493},
 year = {2013}
}

@article{2013Sci...340.1199V,
 adsnote = {Provided by the SAO/NASA Astrophysics Data System},
 adsurl = {http://adsabs.harvard.edu/abs/2013Sci...340.1199V},
 archiveprefix = {arXiv},
 author = {{van der Marel}, N. and {van Dishoeck}, E.~F. and {Bruderer}, S. and
{Birnstiel}, T. and {Pinilla}, P. and {Dullemond}, C.~P. and
{van Kempen}, T.~A. and {Schmalzl}, M. and {Brown}, J.~M. and
{Herczeg}, G.~J. and {Mathews}, G.~S. and {Geers}, V.},
 eprint = {1306.1768},
 journal = {Science},
 month = {jun},
 pages = {1199-1202},
 primaryclass = {astro-ph.EP},
 title = {A Major Asymmetric Dust Trap in a Transition Disk},
 volume = {340},
 year = {2013}
}

@article{2014A&A...572A..61A,
 adsnote = {Provided by the SAO/NASA Astrophysics Data System},
 adsurl = {http://adsabs.harvard.edu/abs/2014A%26A...572A..61A},
 archiveprefix = {arXiv},
 author = {{Ataiee}, S. and {Dullemond}, C.~P. and {Kley}, W. and {Reg{\'a}ly}, Z. and
{Meheut}, H.},
 eid = {A61},
 eprint = {1410.0132},
 journal = {\aap},
 keyword = {accretion, accretion disks, hydrodynamics, protoplanetary disks, planet-disk interactions},
 month = {dec},
 pages = {A61},
 primaryclass = {astro-ph.EP},
 title = {Planet-vortex interaction: How a vortex can shepherd a planetary embryo},
 volume = {572},
 year = {2014}
}

@article{2014A&A...572A..72G,
 adsnote = {Provided by the SAO/NASA Astrophysics Data System},
 adsurl = {http://adsabs.harvard.edu/abs/2014A%26A...572A..72G},
 archiveprefix = {arXiv},
 author = {{Guillot}, T. and {Ida}, S. and {Ormel}, C.~W.},
 eid = {A72},
 eprint = {1409.7328},
 journal = {\aap},
 keyword = {planets and satellites: formation, protoplanetary disks, stars: abundances},
 month = {dec},
 pages = {A72},
 primaryclass = {astro-ph.EP},
 title = {On the filtering and processing of dust by planetesimals. I. Derivation of collision probabilities for non-drifting planetesimals},
 volume = {572},
 year = {2014}
}

@article{2014A&A...572A..78D,
 adsnote = {Provided by the SAO/NASA Astrophysics Data System},
 adsurl = {http://adsabs.harvard.edu/abs/2014A%26A...572A..78D},
 archiveprefix = {arXiv},
 author = {{Dr{\c a}{\.z}kowska}, J. and {Dullemond}, C.~P.},
 eid = {A78},
 eprint = {1410.3832},
 journal = {\aap},
 keyword = {accretion, accretion disks, circumstellar matter, planets and satellites: formation, protoplanetary disks, methods: numerical},
 month = {dec},
 pages = {A78},
 primaryclass = {astro-ph.EP},
 title = {Can dust coagulation trigger streaming instability?},
 volume = {572},
 year = {2014}
}

@article{2014A&A...572A..78D,
 adsnote = {Provided by the SAO/NASA Astrophysics Data System},
 adsurl = {http://adsabs.harvard.edu/abs/2014A%26A...572A..78D},
 archiveprefix = {arXiv},
 author = {{Dr{\c a}{\.z}kowska}, J. and {Dullemond}, C.~P.},
 eid = {A78},
 eprint = {1410.3832},
 journal = {\aap},
 keyword = {accretion, accretion disks, circumstellar matter, planets and satellites: formation, protoplanetary disks, methods: numerical},
 month = {dec},
 pages = {A78},
 primaryclass = {astro-ph.EP},
 title = {Can dust coagulation trigger streaming instability?},
 volume = {572},
 year = {2014}
}

@article{2014ApJ...780...53C,
 adsnote = {Provided by the SAO/NASA Astrophysics Data System},
 adsurl = {http://adsabs.harvard.edu/abs/2014ApJ...780...53C},
 archiveprefix = {arXiv},
 author = {{Chatterjee}, S. and {Tan}, J.~C.},
 eid = {53},
 eprint = {1306.0576},
 journal = {\apj},
 keyword = {methods: analytical, planets and satellites: formation, planets and satellites: general, protoplanetary disks},
 month = {jan},
 pages = {53},
 primaryclass = {astro-ph.EP},
 title = {Inside-out Planet Formation},
 volume = {780},
 year = {2014}
}

@article{2014ApJ...795L..39F,
 adsnote = {Provided by the SAO/NASA Astrophysics Data System},
 adsurl = {http://adsabs.harvard.edu/abs/2014ApJ...795L..39F},
 archiveprefix = {arXiv},
 author = {{Fu}, W. and {Li}, H. and {Lubow}, S. and {Li}, S. and {Liang}, E.},
 eid = {L39},
 eprint = {1410.4196},
 journal = {\apjl},
 keyword = {accretion, accretion disks, hydrodynamics, instabilities, protoplanetary disks},
 month = {nov},
 pages = {L39},
 primaryclass = {astro-ph.EP},
 title = {Effects of Dust Feedback on Vortices in Protoplanetary Disks},
 volume = {795},
 year = {2014}
}

@article{2014ApJ...796...31B,
 adsnote = {Provided by the SAO/NASA Astrophysics Data System},
 adsurl = {http://adsabs.harvard.edu/abs/2014ApJ...796...31B},
 archiveprefix = {arXiv},
 author = {{Bai}, X.-N. and {Stone}, J.~M.},
 eid = {31},
 eprint = {1409.2512},
 journal = {\apj},
 keyword = {accretion, accretion disks, instabilities, magnetohydrodynamics: MHD, methods: numerical, protoplanetary disks, turbulence},
 month = {nov},
 pages = {31},
 primaryclass = {astro-ph.HE},
 title = {Magnetic Flux Concentration and Zonal Flows in Magnetorotational Instability Turbulence},
 volume = {796},
 year = {2014}
}

@article{2014prpl.conf..475A,
 adsnote = {Provided by the SAO/NASA Astrophysics Data System},
 adsurl = {http://adsabs.harvard.edu/abs/2014prpl.conf..475A},
 archiveprefix = {arXiv},
 author = {{Alexander}, R. and {Pascucci}, I. and {Andrews}, S. and {Armitage}, P. and
{Cieza}, L.},
 eprint = {1311.1819},
 journal = {Protostars and Planets VI},
 pages = {475-496},
 primaryclass = {astro-ph.EP},
 title = {The Dispersal of Protoplanetary Disks},
 year = {2014}
}

@article{2014prpl.conf..497E,
 adsnote = {Provided by the SAO/NASA Astrophysics Data System},
 adsurl = {http://adsabs.harvard.edu/abs/2014prpl.conf..497E},
 archiveprefix = {arXiv},
 author = {{Espaillat}, C. and {Muzerolle}, J. and {Najita}, J. and {Andrews}, S. and
{Zhu}, Z. and {Calvet}, N. and {Kraus}, S. and {Hashimoto}, J. and
{Kraus}, A. and {D'Alessio}, P.},
 eprint = {1402.7103},
 journal = {Protostars and Planets VI},
 pages = {497-520},
 primaryclass = {astro-ph.SR},
 title = {An Observational Perspective of Transitional Disks},
 year = {2014}
}

@article{2015A&A...584A.110P,
 adsnote = {Provided by the SAO/NASA Astrophysics Data System},
 adsurl = {http://adsabs.harvard.edu/abs/2015A%26A...584A.110P},
 archiveprefix = {arXiv},
 author = {{Picogna}, G. and {Kley}, W.},
 eid = {A110},
 eprint = {1510.01498},
 journal = {\aap},
 keyword = {accretion, accretion disks, hydrodynamics, planet-disk interactions, protoplanetary disks, stars: pre-main sequence},
 month = {dec},
 pages = {A110},
 primaryclass = {astro-ph.EP},
 title = {How do giant planetary cores shape the dust disk?. HL Tauri system},
 volume = {584},
 year = {2015}
}

@article{2015ApJ...804...35R,
 adsnote = {Provided by the SAO/NASA Astrophysics Data System},
 adsurl = {http://adsabs.harvard.edu/abs/2015ApJ...804...35R},
 author = {{Raettig}, N. and {Klahr}, H. and {Lyra}, W.},
 eid = {35},
 journal = {\apj},
 keyword = {accretion, accretion disks, hydrodynamics, instabilities, methods: numerical, turbulence},
 month = {may},
 pages = {35},
 title = {Particle Trapping and Streaming Instability in Vortices in Protoplanetary Disks},
 volume = {804},
 year = {2015}
}

@article{2015ApJ...808L...3A,
 adsnote = {Provided by the SAO/NASA Astrophysics Data System},
 adsurl = {http://adsabs.harvard.edu/abs/2015ApJ...808L...3A},
 archiveprefix = {arXiv},
 author = {{ALMA Partnership} and {Brogan}, C.~L. and {P{\'e}rez}, L.~M. and
{Hunter}, T.~R. and {Dent}, W.~R.~F. and {Hales}, A.~S. and
{Hills}, R.~E. and {Corder}, S. and {Fomalont}, E.~B. and {Vlahakis}, C. and
{Asaki}, Y. and {Barkats}, D. and {Hirota}, A. and {Hodge}, J.~A. and
{Impellizzeri}, C.~M.~V. and {Kneissl}, R. and {Liuzzo}, E. and
{Lucas}, R. and {Marcelino}, N. and {Matsushita}, S. and {Nakanishi}, K. and
{Phillips}, N. and {Richards}, A.~M.~S. and {Toledo}, I. and
{Aladro}, R. and {Broguiere}, D. and {Cortes}, J.~R. and {Cortes}, P.~C. and
{Espada}, D. and {Galarza}, F. and {Garcia-Appadoo}, D. and
{Guzman-Ramirez}, L. and {Humphreys}, E.~M. and {Jung}, T. and
{Kameno}, S. and {Laing}, R.~A. and {Leon}, S. and {Marconi}, G. and
{Mignano}, A. and {Nikolic}, B. and {Nyman}, L.-A. and {Radiszcz}, M. and
{Remijan}, A. and {Rod{\'o}n}, J.~A. and {Sawada}, T. and {Takahashi}, S. and
{Tilanus}, R.~P.~J. and {Vila Vilaro}, B. and {Watson}, L.~C. and
{Wiklind}, T. and {Akiyama}, E. and {Chapillon}, E. and {de Gregorio-Monsalvo}, I. and
{Di Francesco}, J. and {Gueth}, F. and {Kawamura}, A. and {Lee}, C.-F. and
{Nguyen Luong}, Q. and {Mangum}, J. and {Pietu}, V. and {Sanhueza}, P. and
{Saigo}, K. and {Takakuwa}, S. and {Ubach}, C. and {van Kempen}, T. and
{Wootten}, A. and {Castro-Carrizo}, A. and {Francke}, H. and
{Gallardo}, J. and {Garcia}, J. and {Gonzalez}, S. and {Hill}, T. and
{Kaminski}, T. and {Kurono}, Y. and {Liu}, H.-Y. and {Lopez}, C. and
{Morales}, F. and {Plarre}, K. and {Schieven}, G. and {Testi}, L. and
{Videla}, L. and {Villard}, E. and {Andreani}, P. and {Hibbard}, J.~E. and
{Tatematsu}, K.},
 eid = {L3},
 eprint = {1503.02649},
 journal = {\apjl},
 keyword = {protoplanetary disks, stars: formation, stars: individual: HL Tau, XZ Tau, LkH{$\alpha$}358, submillimeter: planetary systems, techniques: interferometric},
 month = {jul},
 pages = {L3},
 primaryclass = {astro-ph.SR},
 title = {The 2014 ALMA Long Baseline Campaign: First Results from High Angular Resolution Observations toward the HL Tau Region},
 volume = {808},
 year = {2015}
}

@article{2015ApJ...813L..14B,
 adsnote = {Provided by the SAO/NASA Astrophysics Data System},
 adsurl = {http://adsabs.harvard.edu/abs/2015ApJ...813L..14B},
 archiveprefix = {arXiv},
 author = {{Birnstiel}, T. and {Andrews}, S.~M. and {Pinilla}, P. and {Kama}, M.},
 eid = {L14},
 eprint = {1510.05660},
 journal = {\apjl},
 keyword = {accretion, accretion disks, circumstellar matter, protoplanetary disks},
 month = {nov},
 pages = {L14},
 primaryclass = {astro-ph.EP},
 title = {Dust Evolution Can Produce Scattered Light Gaps in Protoplanetary Disks},
 volume = {813},
 year = {2015}
}

@article{2015Natur.524..322L,
 adsnote = {Provided by the SAO/NASA Astrophysics Data System},
 adsurl = {http://adsabs.harvard.edu/abs/2015Natur.524..322L},
 archiveprefix = {arXiv},
 author = {{Levison}, H.~F. and {Kretke}, K.~A. and {Duncan}, M.~J.},
 eprint = {1510.02094},
 journal = {\nat},
 month = {aug},
 pages = {322-324},
 primaryclass = {astro-ph.EP},
 title = {Growing the gas-giant planets by the gradual accumulation of pebbles},
 volume = {524},
 year = {2015}
}

@article{2016A&A...586A..20K,
 adsnote = {Provided by the SAO/NASA Astrophysics Data System},
 adsurl = {http://adsabs.harvard.edu/abs/2016A%26A...586A..20K},
 archiveprefix = {arXiv},
 author = {{Krijt}, S. and {Ormel}, C.~W. and {Dominik}, C. and {Tielens}, A.~G.~G.~M.},
 eid = {A20},
 eprint = {1511.07762},
 journal = {\aap},
 keyword = {protoplanetary disks, planets and satellites: formation, circumstellar matter, methods: numerical},
 month = {feb},
 pages = {A20},
 primaryclass = {astro-ph.SR},
 title = {A panoptic model for planetesimal formation and pebble delivery},
 volume = {586},
 year = {2016}
}

@article{2016A&A...586A..66V,
 adsnote = {Provided by the SAO/NASA Astrophysics Data System},
 adsurl = {http://adsabs.harvard.edu/abs/2016A%26A...586A..66V},
 archiveprefix = {arXiv},
 author = {{Visser}, R.~G. and {Ormel}, C.~W.},
 eid = {A66},
 eprint = {1511.03903},
 journal = {\aap},
 keyword = {planets and satellites: formation, methods: numerical, protoplanetary disks, minor planets, asteroids: general, hydrodynamics},
 month = {feb},
 pages = {A66},
 primaryclass = {astro-ph.EP},
 title = {On the growth of pebble-accreting planetesimals},
 volume = {586},
 year = {2016}
}

@article{2016ApJ...818...76J,
 adsnote = {Provided by the SAO/NASA Astrophysics Data System},
 adsurl = {http://adsabs.harvard.edu/abs/2016ApJ...818...76J},
 archiveprefix = {arXiv},
 author = {{Jin}, S. and {Li}, S. and {Isella}, A. and {Li}, H. and {Ji}, J.},
 eid = {76},
 eprint = {1601.00358},
 journal = {\apj},
 keyword = {planet{\ndash}disk interactions, protoplanetary disks, submillimeter: planetary systems, techniques: interferometric},
 month = {feb},
 pages = {76},
 primaryclass = {astro-ph.EP},
 title = {Modeling Dust Emission of HL Tau Disk Based on Planet-Disk Interactions},
 volume = {818},
 year = {2016}
}

@article{2016ApJ...820L..40A,
 adsnote = {Provided by the SAO/NASA Astrophysics Data System},
 adsurl = {http://adsabs.harvard.edu/abs/2016ApJ...820L..40A},
 archiveprefix = {arXiv},
 author = {{Andrews}, S.~M. and {Wilner}, D.~J. and {Zhu}, Z. and {Birnstiel}, T. and
{Carpenter}, J.~M. and {P{\'e}rez}, L.~M. and {Bai}, X.-N. and
{{\"O}berg}, K.~I. and {Hughes}, A.~M. and {Isella}, A. and
{Ricci}, L.},
 eid = {L40},
 eprint = {1603.09352},
 journal = {\apjl},
 keyword = {planet{\ndash}disk interactions, protoplanetary disks, stars: individual: TW Hydrae},
 month = {apr},
 pages = {L40},
 primaryclass = {astro-ph.EP},
 title = {Ringed Substructure and a Gap at 1 au in the Nearest Protoplanetary Disk},
 volume = {820},
 year = {2016}
}

@article{2016ApJ...821L..16C,
 adsnote = {Provided by the SAO/NASA Astrophysics Data System},
 adsurl = {http://adsabs.harvard.edu/abs/2016ApJ...821L..16C},
 archiveprefix = {arXiv},
 author = {{Carrasco-Gonz{\'a}lez}, C. and {Henning}, T. and {Chandler}, C.~J. and
{Linz}, H. and {P{\'e}rez}, L. and {Rodr{\'{\i}}guez}, L.~F. and
{Galv{\'a}n-Madrid}, R. and {Anglada}, G. and {Birnstiel}, T. and
{van Boekel}, R. and {Flock}, M. and {Klahr}, H. and {Macias}, E. and
{Menten}, K. and {Osorio}, M. and {Testi}, L. and {Torrelles}, J.~M. and
{Zhu}, Z.},
 eid = {L16},
 eprint = {1603.03731},
 journal = {\apjl},
 keyword = {planets and satellites: formation, protoplanetary disks, stars: formation, stars: individual: HL Tau, stars: protostars, techniques: interferometric},
 month = {apr},
 pages = {L16},
 primaryclass = {astro-ph.SR},
 title = {The VLA View of the HL Tau Disk: Disk Mass, Grain Evolution, and Early Planet Formation},
 volume = {821},
 year = {2016}
}

@article{2016ApJ...829L..35T,
 adsnote = {Provided by the SAO/NASA Astrophysics Data System},
 adsurl = {http://adsabs.harvard.edu/abs/2016ApJ...829L..35T},
 archiveprefix = {arXiv},
 author = {{Tsukagoshi}, T. and {Nomura}, H. and {Muto}, T. and {Kawabe}, R. and
{Ishimoto}, D. and {Kanagawa}, K.~D. and {Okuzumi}, S. and {Ida}, S. and
{Walsh}, C. and {Millar}, T.~J.},
 eid = {L35},
 eprint = {1605.00289},
 journal = {\apjl},
 keyword = {protoplanetary disks, stars: individual: TW Hya},
 month = {oct},
 pages = {L35},
 primaryclass = {astro-ph.SR},
 title = {A Gap with a Deficit of Large Grains in the Protoplanetary Disk around TW Hya},
 volume = {829},
 year = {2016}
}

@article{2016ApJ...831..125P,
 adsnote = {Provided by the SAO/NASA Astrophysics Data System},
 adsurl = {http://adsabs.harvard.edu/abs/2016ApJ...831..125P},
 archiveprefix = {arXiv},
 author = {{Pascucci}, I. and {Testi}, L. and {Herczeg}, G.~J. and {Long}, F. and
{Manara}, C.~F. and {Hendler}, N. and {Mulders}, G.~D. and {Krijt}, S. and
{Ciesla}, F. and {Henning}, T. and {Mohanty}, S. and {Drabek-Maunder}, E. and
{Apai}, D. and {Sz{\H u}cs}, L. and {Sacco}, G. and {Olofsson}, J.},
 eid = {125},
 eprint = {1608.03621},
 journal = {\apj},
 keyword = {brown dwarfs, protoplanetary disks, stars: pre-main sequence, submillimeter: planetary systems},
 month = {nov},
 pages = {125},
 primaryclass = {astro-ph.EP},
 title = {A Steeper than Linear Disk Mass{\ndash}Stellar Mass Scaling Relation},
 volume = {831},
 year = {2016}
}

@article{2016ApJ...831L..12K,
 adsnote = {Provided by the SAO/NASA Astrophysics Data System},
 adsurl = {http://adsabs.harvard.edu/abs/2016ApJ...831L..12K},
 archiveprefix = {arXiv},
 author = {{Kataoka}, A. and {Tsukagoshi}, T. and {Momose}, M. and {Nagai}, H. and
{Muto}, T. and {Dullemond}, C.~P. and {Pohl}, A. and {Fukagawa}, M. and
{Shibai}, H. and {Hanawa}, T. and {Murakawa}, K.},
 eid = {L12},
 eprint = {1610.06318},
 journal = {\apjl},
 keyword = {polarization, protoplanetary disks, stars: individual: HD 142527},
 month = {nov},
 pages = {L12},
 primaryclass = {astro-ph.EP},
 title = {Submillimeter Polarization Observation of the Protoplanetary Disk around HD 142527},
 volume = {831},
 year = {2016}
}

@article{2016arXiv160708250O,
 adsnote = {Provided by the SAO/NASA Astrophysics Data System},
 adsurl = {http://adsabs.harvard.edu/abs/2016arXiv160708250O},
 archiveprefix = {arXiv},
 author = {{Owen}, J.~E. and {Kollmeier}, J.~A.},
 eprint = {1607.08250},
 journal = {ArXiv e-prints},
 keyword = {Astrophysics - Solar and Stellar Astrophysics, Astrophysics - Earth and Planetary Astrophysics},
 month = {jul},
 primaryclass = {astro-ph.SR},
 title = {Dust traps as planetary birthsites: basics and vortex formation},
 year = {2016}
}

@article{2016arXiv160902488V,
 adsnote = {Provided by the SAO/NASA Astrophysics Data System},
 adsurl = {http://adsabs.harvard.edu/abs/2016arXiv160902488V},
 archiveprefix = {arXiv},
 author = {{van der Plas}, G. and {Wright}, C.~M. and {M{\'e}nard}, F. and
{Casassus}, S. and {Canovas}, H. and {Pinte}, C. and {Maddison}, S.~T. and
{Maaskant}, K. and {Avenhaus}, H. and {Cieza}, L. and {Perez}, S. and
{Ubach}, C.},
 eprint = {1609.02488},
 journal = {ArXiv e-prints},
 keyword = {Astrophysics - Solar and Stellar Astrophysics, Astrophysics - Astrophysics of Galaxies},
 month = {sep},
 primaryclass = {astro-ph.SR},
 title = {A cavity and further radial substructures in the disk around HD\~{}97048},
 year = {2016}
}

@article{2016SSRv..tmp...32B,
 adsnote = {Provided by the SAO/NASA Astrophysics Data System},
 adsurl = {http://adsabs.harvard.edu/abs/2016SSRv..tmp...32B},
 archiveprefix = {arXiv},
 author = {{Birnstiel}, T. and {Fang}, M. and {Johansen}, A.},
 eprint = {1604.02952},
 journal = {\ssr},
 keyword = {Accretion disks, Planets and satellites: formation, Protoplanetary disks, Circumstellar matter},
 month = {may},
 primaryclass = {astro-ph.SR},
 title = {Dust Evolution and the Formation of Planetesimals},
 year = {2016}
}

