@article{1977ApJ...217..425M,
 adsnote = {Provided by the SAO/NASA Astrophysics Data System},
 adsurl = {http://adsabs.harvard.edu/abs/1977ApJ...217..425M},
 author = {{Mathis}, J.~S. and {Rumpl}, W. and {Nordsieck}, K.~H.},
 journal = {\apj},
 keyword = {Cosmic Dust, Interstellar Extinction, Interstellar Matter, Particle Size Distribution, Enstatite, Graphite, Magnetite, Olivine, Polarization Characteristics, Ultraviolet Astronomy},
 month = {oct},
 pages = {425-433},
 title = {The size distribution of interstellar grains},
 volume = {217},
 year = {1977}
}

@article{1993Icar..106..102C,
 adsnote = {Provided by the SAO/NASA Astrophysics Data System},
 adsurl = {http://adsabs.harvard.edu/abs/1993Icar..106..102C},
 author = {{Cuzzi}, J.~N. and {Dobrovolskis}, A.~R. and {Champney}, J.~M.},
 journal = {\icarus},
 keyword = {Gas Dynamics, Protoplanets, Planetary Evolution, Particle Size Distribution, Turbulence Models, Nebulae, Navier-Stokes Equation, Parameterization, Viscous Flow, Turbulent Flow, Equations Of Motion},
 month = {nov},
 pages = {102},
 title = {Particle-gas dynamics in the midplane of a protoplanetary nebula},
 volume = {106},
 year = {1993}
}

@article{1994ApJ...428..654H,
 adsnote = {Provided by the SAO/NASA Astrophysics Data System},
 adsurl = {http://adsabs.harvard.edu/abs/1994ApJ...428..654H},
 author = {{Hollenbach}, D. and {Johnstone}, D. and {Lizano}, S. and {Shu}, F.},
 journal = {\apj},
 keyword = {Astronomical Models, Deposition, Disk Galaxies, Evaporation, Galactic Evolution, H Ii Regions, Massive Stars, Photons, Stellar Winds, Mass Flow, Numerical Analysis, Photoionization, Radiative Transfer},
 month = {jun},
 pages = {654-669},
 title = {Photoevaporation of disks around massive stars and application to ultracompact H II regions},
 volume = {428},
 year = {1994}
}

@article{1995ApJ...452..736H,
 adsnote = {Provided by the SAO/NASA Astrophysics Data System},
 adsurl = {http://adsabs.harvard.edu/abs/1995ApJ...452..736H},
 author = {{Hartigan}, P. and {Edwards}, S. and {Ghandour}, L.},
 journal = {\apj},
 keyword = {ACCRETION, ACCRETION DISKS, STARS: CIRCUMSTELLAR MATTER, STARS: FORMATION, STARS: MASS LOSS, STARS: PRE-MAIN-SEQUENCE},
 month = {oct},
 pages = {736},
 title = {Disk Accretion and Mass Loss from Young Stars},
 volume = {452},
 year = {1995}
}

@article{1999AJ....117.1490P,
 adsnote = {Provided by the SAO/NASA Astrophysics Data System},
 adsurl = {http://adsabs.harvard.edu/abs/1999AJ....117.1490P},
 author = {{Padgett}, D.~L. and {Brandner}, W. and {Stapelfeldt}, K.~R. and
{Strom}, S.~E. and {Terebey}, S. and {Koerner}, D.},
 eprint = {astro-ph/9902101},
 journal = {\aj},
 keyword = {STARS: CIRCUMSTELLAR MATTER, ISM: JETS AND OUTFLOWS, STARS: PRE-MAIN-SEQUENCE},
 month = {mar},
 pages = {1490-1504},
 title = {HUBBLE SPACE TELESCOPE/NICMOS Imaging of Disks and Envelopes around Very Young Stars},
 volume = {117},
 year = {1999}
}

@article{2001MNRAS.328..485C,
 adsnote = {Provided by the SAO/NASA Astrophysics Data System},
 adsurl = {http://adsabs.harvard.edu/abs/2001MNRAS.328..485C},
 author = {{Clarke}, C.~J. and {Gendrin}, A. and {Sotomayor}, M.},
 journal = {\mnras},
 keyword = {ACCRETION, ACCRETION DISCS, CIRCUMSTELLAR MATTER, PLANETARY SYSTEMS: FORMATION, STARS: PRE-MAIN-SEQUENCE},
 month = {dec},
 pages = {485-491},
 title = {The dispersal of circumstellar discs: the role of the ultraviolet switch},
 volume = {328},
 year = {2001}
}

@article{2004A&A...425L...9P,
 adsnote = {Provided by the SAO/NASA Astrophysics Data System},
 adsurl = {http://adsabs.harvard.edu/abs/2004A%26A...425L...9P},
 author = {{Paardekooper}, S.-J. and {Mellema}, G.},
 eprint = {astro-ph/0408202},
 journal = {\aap},
 keyword = {hydrodynamics, stars: planetary systems},
 month = {oct},
 pages = {L9-L12},
 title = {Planets opening dust gaps in gas disks},
 volume = {425},
 year = {2004}
}

@article{2004ApJ...603..292G,
 adsnote = {Provided by the SAO/NASA Astrophysics Data System},
 adsurl = {http://adsabs.harvard.edu/abs/2004ApJ...603..292G},
 author = {{Garaud}, P. and {Barri{\`e}re-Fouchet}, L. and {Lin}, D.~N.~C.},
 eprint = {astro-ph/0307199},
 journal = {\apj},
 keyword = {Methods: Analytical, Methods: Numerical, Stars: Planetary Systems: Protoplanetary Disks},
 month = {mar},
 pages = {292-306},
 title = {Individual and Average Behavior of Particles in a Protoplanetary Nebula},
 volume = {603},
 year = {2004}
}

@article{2004ApJ...607..890F,
 adsnote = {Provided by the SAO/NASA Astrophysics Data System},
 adsurl = {http://adsabs.harvard.edu/abs/2004ApJ...607..890F},
 author = {{Font}, A.~S. and {McCarthy}, I.~G. and {Johnstone}, D. and
{Ballantyne}, D.~R.},
 eprint = {astro-ph/0402241},
 journal = {\apj},
 keyword = {Accretion, Accretion Disks, Hydrodynamics, Stars: Formation},
 month = {jun},
 pages = {890-903},
 title = {Photoevaporation of Circumstellar Disks around Young Stars},
 volume = {607},
 year = {2004}
}

@article{2005ApJ...623L.149T,
 adsnote = {Provided by the SAO/NASA Astrophysics Data System},
 adsurl = {http://adsabs.harvard.edu/abs/2005ApJ...623L.149T},
 author = {{Throop}, H.~B. and {Bally}, J.},
 eprint = {astro-ph/0411647},
 journal = {\apjl},
 keyword = {Stars: Planetary Systems: Formation, Stars: Planetary Systems: Protoplanetary Disks, Solar System: Formation},
 month = {apr},
 pages = {L149-L152},
 title = {Can Photoevaporation Trigger Planetesimal Formation?},
 volume = {623},
 year = {2005}
}

@article{2006A&A...453.1129P,
 adsnote = {Provided by the SAO/NASA Astrophysics Data System},
 adsurl = {http://adsabs.harvard.edu/abs/2006A%26A...453.1129P},
 author = {{Paardekooper}, S.-J. and {Mellema}, G.},
 eprint = {astro-ph/0603132},
 journal = {\aap},
 keyword = {hydrodynamics, methods: numerical, stars: planetary systems: protoplanetary disks},
 month = {jul},
 pages = {1129-1140},
 title = {Dust flow in gas disks in the presence of embedded planets},
 volume = {453},
 year = {2006}
}

@article{2006ApJ...645.1272P,
 adsnote = {Provided by the SAO/NASA Astrophysics Data System},
 adsurl = {http://adsabs.harvard.edu/abs/2006ApJ...645.1272P},
 author = {{Perrin}, M.~D. and {Duch{\^e}ne}, G. and {Kalas}, P. and {Graham}, J.~R.},
 eprint = {astro-ph/0603667},
 journal = {\apj},
 keyword = {Accretion, Accretion Disks, Stars: Circumstellar Matter, ISM: Dust, Extinction, Stars: Planetary Systems: Protoplanetary Disks, stars: individual (PDS 144), Stars: Pre-Main-Sequence},
 month = {jul},
 pages = {1272-1282},
 title = {Discovery of an Optically Thick, Edge-on Disk around the Herbig Ae Star PDS 144N},
 volume = {645},
 year = {2006}
}

@article{2006MNRAS.369..216A,
 adsnote = {Provided by the SAO/NASA Astrophysics Data System},
 adsurl = {http://adsabs.harvard.edu/abs/2006MNRAS.369..216A},
 author = {{Alexander}, R.~D. and {Clarke}, C.~J. and {Pringle}, J.~E.},
 eprint = {astro-ph/0603253},
 journal = {\mnras},
 keyword = {accretion, accretion discs: hydrodynamics: circumstellar matter: planetary systems: protoplanetary discs: stars: pre-main-sequence, accretion discs, hydrodynamics, circumstellar matter, planetary systems: protoplanetary discs, stars: pre-main-sequence},
 month = {jun},
 pages = {216-228},
 title = {Photoevaporation of protoplanetary discs - I. Hydrodynamic models},
 volume = {369},
 year = {2006}
}

@article{2006MNRAS.369..229A,
 adsnote = {Provided by the SAO/NASA Astrophysics Data System},
 adsurl = {http://adsabs.harvard.edu/abs/2006MNRAS.369..229A},
 author = {{Alexander}, R.~D. and {Clarke}, C.~J. and {Pringle}, J.~E.},
 eprint = {astro-ph/0603254},
 journal = {\mnras},
 keyword = {accretion, accretion discs: circumstellar matter: planetary systems: protoplanetary discs: stars: pre-main-sequence, accretion discs, circumstellar matter, planetary systems: protoplanetary discs, stars: pre-main-sequence},
 month = {jun},
 pages = {229-239},
 title = {Photoevaporation of protoplanetary discs - II. Evolutionary models and observable properties},
 volume = {369},
 year = {2006}
}

@article{2006MNRAS.370..529D,
 adsnote = {Provided by the SAO/NASA Astrophysics Data System},
 adsurl = {http://adsabs.harvard.edu/abs/2006MNRAS.370..529D},
 author = {{de Val-Borro}, M. and {Edgar}, R.~G. and {Artymowicz}, P. and
{Ciecielag}, P. and {Cresswell}, P. and {D'Angelo}, G. and {Delgado-Donate}, E.~J. and
{Dirksen}, G. and {Fromang}, S. and {Gawryszczak}, A. and {Klahr}, H. and
{Kley}, W. and {Lyra}, W. and {Masset}, F. and {Mellema}, G. and
{Nelson}, R.~P. and {Paardekooper}, S.-J. and {Peplinski}, A. and
{Pierens}, A. and {Plewa}, T. and {Rice}, K. and {Sch{\"a}fer}, C. and
{Speith}, R.},
 eprint = {astro-ph/0605237},
 journal = {\mnras},
 keyword = {accretion, accretion discs: hydrodynamics: planets and satellites: general, accretion discs, hydrodynamics, planets and satellites: general},
 month = {aug},
 pages = {529-558},
 title = {A comparative study of disc-planet interaction},
 volume = {370},
 year = {2006}
}

@article{2007A&A...474.1037F,
 adsnote = {Provided by the SAO/NASA Astrophysics Data System},
 adsurl = {http://adsabs.harvard.edu/abs/2007A%26A...474.1037F},
 archiveprefix = {arXiv},
 author = {{Fouchet}, L. and {Maddison}, S.~T. and {Gonzalez}, J.-F. and
{Murray}, J.~R.},
 eprint = {0708.4110},
 journal = {\aap},
 keyword = {planetary systems: protoplanetary disks, hydrodynamics, methods:, numerical},
 month = {nov},
 pages = {1037-1047},
 title = {The effect of a planet on the dust distribution in a 3D protoplanetary disk},
 volume = {474},
 year = {2007}
}

@article{2007ApJ...662..613Y,
 adsnote = {Provided by the SAO/NASA Astrophysics Data System},
 adsurl = {http://adsabs.harvard.edu/abs/2007ApJ...662..613Y},
 author = {{Youdin}, A. and {Johansen}, A.},
 eprint = {astro-ph/0702625},
 journal = {\apj},
 keyword = {Diffusion, Hydrodynamics, Instabilities, Stars: Planetary Systems: Protoplanetary Disks, Solar System: Formation, Turbulence},
 month = {jun},
 pages = {613-626},
 title = {Protoplanetary Disk Turbulence Driven by the Streaming Instability: Linear Evolution and Numerical Methods},
 volume = {662},
 year = {2007}
}

@article{2007ApJS..170..228M,
 adsnote = {Provided by the SAO/NASA Astrophysics Data System},
 adsurl = {http://adsabs.harvard.edu/abs/2007ApJS..170..228M},
 author = {{Mignone}, A. and {Bodo}, G. and {Massaglia}, S. and {Matsakos}, T. and
{Tesileanu}, O. and {Zanni}, C. and {Ferrari}, A.},
 eprint = {astro-ph/0701854},
 journal = {\apjs},
 keyword = {Hydrodynamics, Methods: Numerical, Magnetohydrodynamics: MHD, Relativity, Shock Waves},
 month = {may},
 pages = {228-242},
 title = {PLUTO: A Numerical Code for Computational Astrophysics},
 volume = {170},
 year = {2007}
}

@article{2008MNRAS.391L..64A,
 adsnote = {Provided by the SAO/NASA Astrophysics Data System},
 adsurl = {http://adsabs.harvard.edu/abs/2008MNRAS.391L..64A},
 archiveprefix = {arXiv},
 author = {{Alexander}, R.~D.},
 eprint = {0809.0316},
 journal = {\mnras},
 keyword = {hydrodynamics, line: profiles, planetary systems: protoplanetary discs, stars: pre-main-sequence},
 month = {nov},
 pages = {L64-L68},
 title = {[NeII] emission-line profiles from photoevaporative disc winds},
 volume = {391},
 year = {2008}
}

@article{2009A&A...493.1125L,
 adsnote = {Provided by the SAO/NASA Astrophysics Data System},
 adsurl = {http://adsabs.harvard.edu/abs/2009A%26A...493.1125L},
 archiveprefix = {arXiv},
 author = {{Lyra}, W. and {Johansen}, A. and {Klahr}, H. and {Piskunov}, N.},
 eprint = {0810.3192},
 journal = {\aap},
 keyword = {accretion, accretion disks, hydrodynamics, instabilities, methods: numerical, solar system: formation, planets and satellites: formation},
 month = {jan},
 pages = {1125-1139},
 title = {Standing on the shoulders of giants. Trojan Earths and vortex trapping in low mass self-gravitating protoplanetary disks of gas and solids},
 volume = {493},
 year = {2009}
}

@article{2009A&A...496..597F,
 adsnote = {Provided by the SAO/NASA Astrophysics Data System},
 adsurl = {http://adsabs.harvard.edu/abs/2009A%26A...496..597F},
 archiveprefix = {arXiv},
 author = {{Fromang}, S. and {Nelson}, R.~P.},
 eprint = {0901.4434},
 journal = {\aap},
 keyword = {accretion, accretion disks, Magnetohydrodynamics (MHD), methods: numerical, turbulence},
 month = {mar},
 pages = {597-608},
 primaryclass = {astro-ph.EP},
 title = {Global MHD simulations of stratified and turbulent protoplanetary discs. II. Dust settling},
 volume = {496},
 year = {2009}
}

@article{2009ApJ...699.1639E,
 adsnote = {Provided by the SAO/NASA Astrophysics Data System},
 adsurl = {http://adsabs.harvard.edu/abs/2009ApJ...699.1639E},
 archiveprefix = {arXiv},
 author = {{Ercolano}, B. and {Clarke}, C.~J. and {Drake}, J.~J.},
 eprint = {0905.1001},
 journal = {\apj},
 keyword = {accretion, accretion disks, infrared: stars, planetary systems: protoplanetary disks, stars: formation, stars: pre-main sequence, X-rays: stars},
 month = {jul},
 pages = {1639-1649},
 primaryclass = {astro-ph.GA},
 title = {X-Ray Irradiated Protoplanetary Disk Atmospheres. II. Predictions from Models in Hydrostatic Equilibrium},
 volume = {699},
 year = {2009}
}

@article{2009ApJ...702..724P,
 adsnote = {Provided by the SAO/NASA Astrophysics Data System},
 adsurl = {http://adsabs.harvard.edu/abs/2009ApJ...702..724P},
 archiveprefix = {arXiv},
 author = {{Pascucci}, I. and {Sterzik}, M.},
 eprint = {0908.2367},
 journal = {\apj},
 keyword = {accretion, accretion disks, infrared: stars, planetary systems: protoplanetary disks, stars: individual: TW Hya CS Cha T Cha VW Cha Sz 73 Sz 102 HD 34700},
 month = {sep},
 pages = {724-732},
 primaryclass = {astro-ph.EP},
 title = {Evidence for Disk Photoevaporation Driven by the Central Star},
 volume = {702},
 year = {2009}
}

@article{2009ApJ...704..989A,
 adsnote = {Provided by the SAO/NASA Astrophysics Data System},
 adsurl = {http://adsabs.harvard.edu/abs/2009ApJ...704..989A},
 archiveprefix = {arXiv},
 author = {{Alexander}, R.~D. and {Armitage}, P.~J.},
 eprint = {0909.0004},
 journal = {\apj},
 keyword = {accretion, accretion disks, planetary systems: formation, planetary systems: protoplanetary disks},
 month = {oct},
 pages = {989-1001},
 primaryclass = {astro-ph.EP},
 title = {Giant Planet Migration, Disk Evolution, and the Origin of Transitional Disks},
 volume = {704},
 year = {2009}
}

@article{2010A&A...513A..79B,
 adsnote = {Provided by the SAO/NASA Astrophysics Data System},
 adsurl = {http://adsabs.harvard.edu/abs/2010A%26A...513A..79B},
 archiveprefix = {arXiv},
 author = {{Birnstiel}, T. and {Dullemond}, C.~P. and {Brauer}, F.},
 eid = {A79},
 eprint = {1002.0335},
 journal = {\aap},
 keyword = {accretion, accretion disks, circumstellar matter, stars: formation, stars: pre-main sequence, infrared: stars},
 month = {apr},
 pages = {A79},
 primaryclass = {astro-ph.EP},
 title = {Gas- and dust evolution in protoplanetary disks},
 volume = {513},
 year = {2010}
}

@article{2010A&A...518A..16F,
 adsnote = {Provided by the SAO/NASA Astrophysics Data System},
 adsurl = {http://adsabs.harvard.edu/abs/2010A%26A...518A..16F},
 archiveprefix = {arXiv},
 author = {{Fouchet}, L. and {Gonzalez}, J.-F. and {Maddison}, S.~T.},
 eid = {A16},
 eprint = {1005.4557},
 journal = {\aap},
 keyword = {planetary systems: protoplanetary disks, hydrodynamics, methods: numerical, accretion, accretion disks, planets and satellites: general, circumstellar matter},
 month = {jul},
 pages = {A16},
 primaryclass = {astro-ph.SR},
 title = {Planet gaps in the dust layer of 3D protoplanetary disks. I. Hydrodynamical simulations of T Tauri disks},
 volume = {518},
 year = {2010}
}

@article{2010ApJ...722.1437B,
 adsnote = {Provided by the SAO/NASA Astrophysics Data System},
 adsurl = {http://adsabs.harvard.edu/abs/2010ApJ...722.1437B},
 archiveprefix = {arXiv},
 author = {{Bai}, X.-N. and {Stone}, J.~M.},
 eprint = {1005.4982},
 journal = {\apj},
 keyword = {diffusion, hydrodynamics, instabilities, planets and satellites: formation, protoplanetary disks, turbulence},
 month = {oct},
 pages = {1437-1459},
 primaryclass = {astro-ph.EP},
 title = {Dynamics of Solids in the Midplane of Protoplanetary Disks: Implications for Planetesimal Formation},
 volume = {722},
 year = {2010}
}

@article{2010JCoPh.229.3916M,
 adsnote = {Provided by the SAO/NASA Astrophysics Data System},
 adsurl = {http://adsabs.harvard.edu/abs/2010JCoPh.229.3916M},
 archiveprefix = {arXiv},
 author = {{Miniati}, F.},
 eprint = {1001.4794},
 journal = {Journal of Computational Physics},
 month = {may},
 pages = {3916-3937},
 primaryclass = {astro-ph.IM},
 title = {A hybrid scheme for gas-dust systems stiffly coupled via viscous drag},
 volume = {229},
 year = {2010}
}

@article{2010MNRAS.401.1415O,
 adsnote = {Provided by the SAO/NASA Astrophysics Data System},
 adsurl = {http://adsabs.harvard.edu/abs/2010MNRAS.401.1415O},
 archiveprefix = {arXiv},
 author = {{Owen}, J.~E. and {Ercolano}, B. and {Clarke}, C.~J. and {Alexander}, R.~D.},
 eprint = {0909.4309},
 journal = {\mnras},
 keyword = {accretion, accretion discs, circumstellar matter, planetary systems: protoplanetary discs, stars: pre-main-sequence, X-rays: stars},
 month = {jan},
 pages = {1415-1428},
 primaryclass = {astro-ph.SR},
 title = {Radiation-hydrodynamic models of X-ray and EUV photoevaporating protoplanetary discs},
 volume = {401},
 year = {2010}
}

@article{2010MNRAS.401.1636S,
 adsnote = {Provided by the SAO/NASA Astrophysics Data System},
 adsurl = {http://adsabs.harvard.edu/abs/2010MNRAS.401.1636S},
 archiveprefix = {arXiv},
 author = {{Schisano}, E. and {Ercolano}, B. and {G{\"u}del}, M.},
 eprint = {0910.0058},
 journal = {\mnras},
 keyword = {line: formation, line: profiles, planetary systems: protoplanetary discs, stars: pre-main-sequence, infrared: stars, X-rays: stars},
 month = {jan},
 pages = {1636-1643},
 primaryclass = {astro-ph.SR},
 title = {Effects of X-ray irradiation and disc flaring on the [NeII] 12.8 {$\mu$}m emission from young stellar objects},
 volume = {401},
 year = {2010}
}

@article{2010MNRAS.406.1553E,
 adsnote = {Provided by the SAO/NASA Astrophysics Data System},
 adsurl = {http://adsabs.harvard.edu/abs/2010MNRAS.406.1553E},
 archiveprefix = {arXiv},
 author = {{Ercolano}, B. and {Owen}, J.~E.},
 eprint = {1004.1203},
 journal = {\mnras},
 keyword = {accretion, accretion discs, protoplanetary discs, circumstellar matter, planetary systems, stars: pre-main-sequence},
 month = {aug},
 pages = {1553-1569},
 title = {Theoretical spectra of photoevaporating protoplanetary discs: an atlas of atomic and low-ionization emission lines},
 volume = {406},
 year = {2010}
}

@article{2011MNRAS.411.1104O,
 adsnote = {Provided by the SAO/NASA Astrophysics Data System},
 adsurl = {http://adsabs.harvard.edu/abs/2011MNRAS.411.1104O},
 archiveprefix = {arXiv},
 author = {{Owen}, J.~E. and {Ercolano}, B. and {Clarke}, C.~J.},
 eprint = {1010.1079},
 journal = {\mnras},
 keyword = {accretion, accretion discs, protoplanetary discs, circumstellar matter, stars: pre-main-sequence},
 month = {feb},
 pages = {1104-1110},
 primaryclass = {astro-ph.SR},
 title = {The imprint of photoevaporation on edge-on discs},
 volume = {411},
 year = {2011}
}

@article{2012A&A...539A.148B,
 adsnote = {Provided by the SAO/NASA Astrophysics Data System},
 adsurl = {http://adsabs.harvard.edu/abs/2012A%26A...539A.148B},
 archiveprefix = {arXiv},
 author = {{Birnstiel}, T. and {Klahr}, H. and {Ercolano}, B.},
 eid = {A148},
 eprint = {1201.5781},
 journal = {\aap},
 keyword = {accretion, accretion disks, protoplanetary disks, stars: pre-main sequence, circumstellar matter, planets and satellites: formation},
 month = {mar},
 pages = {A148},
 primaryclass = {astro-ph.EP},
 title = {A simple model for the evolution of the dust population in protoplanetary disks},
 volume = {539},
 year = {2012}
}

@article{2012A&A...545A.152M,
 adsnote = {Provided by the SAO/NASA Astrophysics Data System},
 adsurl = {http://adsabs.harvard.edu/abs/2012A%26A...545A.152M},
 archiveprefix = {arXiv},
 author = {{Mignone}, A. and {Flock}, M. and {Stute}, M. and {Kolb}, S.~M. and
{Muscianisi}, G.},
 eid = {A152},
 eprint = {1207.2955},
 journal = {\aap},
 keyword = {methods: numerical, accretion, accretion disks, protoplanetary disks, magnetohydrodynamics (MHD), turbulence},
 month = {sep},
 pages = {A152},
 primaryclass = {astro-ph.IM},
 title = {A conservative orbital advection scheme for simulations of magnetized shear flows with the PLUTO code},
 volume = {545},
 year = {2012}
}

@article{2012ApJ...755....6Z,
 adsnote = {Provided by the SAO/NASA Astrophysics Data System},
 adsurl = {http://adsabs.harvard.edu/abs/2012ApJ...755....6Z},
 archiveprefix = {arXiv},
 author = {{Zhu}, Z. and {Nelson}, R.~P. and {Dong}, R. and {Espaillat}, C. and
{Hartmann}, L.},
 eid = {6},
 eprint = {1205.5042},
 journal = {\apj},
 keyword = {accretion, accretion disks, astroparticle physics, planet-disk interactions, stars: formation, stars: pre-main sequence},
 month = {aug},
 pages = {6},
 primaryclass = {astro-ph.SR},
 title = {Dust Filtration by Planet-induced Gap Edges: Implications for Transitional Disks},
 volume = {755},
 year = {2012}
}

@article{2012MNRAS.422.1880O,
 adsnote = {Provided by the SAO/NASA Astrophysics Data System},
 adsurl = {http://adsabs.harvard.edu/abs/2012MNRAS.422.1880O},
 archiveprefix = {arXiv},
 author = {{Owen}, J.~E. and {Clarke}, C.~J. and {Ercolano}, B.},
 eprint = {1112.1087},
 journal = {\mnras},
 keyword = {accretion, accretion discs, circumstellar matter, protoplanetary discs, planetary systems, stars: pre-main-sequence, X-rays: stars},
 month = {may},
 pages = {1880-1901},
 primaryclass = {astro-ph.SR},
 title = {On the theory of disc photoevaporation},
 volume = {422},
 year = {2012}
}

@article{2012MNRAS.422L..82A,
 adsnote = {Provided by the SAO/NASA Astrophysics Data System},
 adsurl = {http://adsabs.harvard.edu/abs/2012MNRAS.422L..82A},
 archiveprefix = {arXiv},
 author = {{Alexander}, R.~D. and {Pascucci}, I.},
 eprint = {1202.5554},
 journal = {\mnras},
 keyword = {accretion, accretion discs, planets and satellites: formation, planet-disc interactions, protoplanetary discs, planetary systems},
 month = {may},
 pages = {82-86},
 primaryclass = {astro-ph.EP},
 title = {Deserts and pile-ups in the distribution of exoplanets due to photoevaporative disc clearing},
 volume = {422},
 year = {2012}
}

@article{2012MNRAS.423.1450A,
 adsnote = {Provided by the SAO/NASA Astrophysics Data System},
 adsurl = {http://adsabs.harvard.edu/abs/2012MNRAS.423.1450A},
 archiveprefix = {arXiv},
 author = {{Ayliffe}, B.~A. and {Laibe}, G. and {Price}, D.~J. and {Bate}, M.~R.},
 eprint = {1203.4953},
 journal = {\mnras},
 keyword = {hydrodynamics, radiative transfer, methods: numerical, planets and satellites: formation},
 month = {jun},
 pages = {1450-1462},
 primaryclass = {astro-ph.EP},
 title = {On the accumulation of planetesimals near disc gaps created by protoplanets},
 volume = {423},
 year = {2012}
}

@article{2013ApJ...772...60R,
 adsnote = {Provided by the SAO/NASA Astrophysics Data System},
 adsurl = {http://adsabs.harvard.edu/abs/2013ApJ...772...60R},
 archiveprefix = {arXiv},
 author = {{Rigliaco}, E. and {Pascucci}, I. and {Gorti}, U. and {Edwards}, S. and
{Hollenbach}, D.},
 eid = {60},
 eprint = {1305.6641},
 journal = {\apj},
 keyword = {accretion, accretion disks, protoplanetary disks, stars: formation, stars: pre-main sequence, ultraviolet: stars},
 month = {jul},
 pages = {60},
 primaryclass = {astro-ph.SR},
 title = {Understanding the Origin of the [O I] Low-velocity Component from T Tauri Stars},
 volume = {772},
 year = {2013}
}

@article{2013MNRAS.430.1392R,
 adsnote = {Provided by the SAO/NASA Astrophysics Data System},
 adsurl = {http://adsabs.harvard.edu/abs/2013MNRAS.430.1392R},
 archiveprefix = {arXiv},
 author = {{Rosotti}, G.~P. and {Ercolano}, B. and {Owen}, J.~E. and {Armitage}, P.~J.},
 eprint = {1301.3015},
 journal = {\mnras},
 keyword = {accretion, accretion discs, hydrodynamics, protoplanetary discs},
 month = {apr},
 pages = {1392-1401},
 primaryclass = {astro-ph.SR},
 title = {The interplay between X-ray photoevaporation and planet formation},
 volume = {430},
 year = {2013}
}

@article{2014A&A...569A...5N,
 adsnote = {Provided by the SAO/NASA Astrophysics Data System},
 adsurl = {http://adsabs.harvard.edu/abs/2014A%26A...569A...5N},
 archiveprefix = {arXiv},
 author = {{Natta}, A. and {Testi}, L. and {Alcal{\'a}}, J.~M. and {Rigliaco}, E. and
{Covino}, E. and {Stelzer}, B. and {D'Elia}, V.},
 eid = {A5},
 eprint = {1406.5630},
 journal = {\aap},
 keyword = {stars: low-mass, line: formation, ISM: jets and outflows, accretion, accretion disks},
 month = {sep},
 pages = {A5},
 primaryclass = {astro-ph.SR},
 title = {X-shooter spectroscopy of young stellar objects. V. Slow winds in T Tauri stars},
 volume = {569},
 year = {2014}
}

@article{2014ApJ...795...53Z,
 adsnote = {Provided by the SAO/NASA Astrophysics Data System},
 adsurl = {http://adsabs.harvard.edu/abs/2014ApJ...795...53Z},
 archiveprefix = {arXiv},
 author = {{Zhu}, Z. and {Stone}, J.~M.},
 eid = {53},
 eprint = {1405.2790},
 journal = {\apj},
 keyword = {accretion, accretion disks, astroparticle physics, magnetohydrodynamics: MHD, planet-disk interaction, stars: individual: Oph IRS 48 HD 142527, turbulence},
 month = {nov},
 pages = {53},
 primaryclass = {astro-ph.SR},
 title = {Dust Trapping by Vortices in Transitional Disks: Evidence for Non-ideal Magnetohydrodynamic Effects in Protoplanetary Disks},
 volume = {795},
 year = {2014}
}

@article{2015ApJ...813L..14B,
 adsnote = {Provided by the SAO/NASA Astrophysics Data System},
 adsurl = {http://adsabs.harvard.edu/abs/2015ApJ...813L..14B},
 archiveprefix = {arXiv},
 author = {{Birnstiel}, T. and {Andrews}, S.~M. and {Pinilla}, P. and {Kama}, M.},
 eid = {L14},
 eprint = {1510.05660},
 journal = {\apjl},
 keyword = {accretion, accretion disks, circumstellar matter, protoplanetary disks},
 month = {nov},
 pages = {L14},
 primaryclass = {astro-ph.EP},
 title = {Dust Evolution Can Produce Scattered Light Gaps in Protoplanetary Disks},
 volume = {813},
 year = {2015}
}

@article{2015MNRAS.450.3008E,
 adsnote = {Provided by the SAO/NASA Astrophysics Data System},
 adsurl = {http://adsabs.harvard.edu/abs/2015MNRAS.450.3008E},
 archiveprefix = {arXiv},
 author = {{Ercolano}, B. and {Rosotti}, G.},
 eprint = {1504.03433},
 journal = {\mnras},
 keyword = {planet-disc interactions},
 month = {jul},
 pages = {3008-3014},
 primaryclass = {astro-ph.EP},
 title = {The link between disc dispersal by photoevaporation and the semimajor axis distribution of exoplanets},
 volume = {450},
 year = {2015}
}

@article{2015MNRAS.454.2173R,
 adsnote = {Provided by the SAO/NASA Astrophysics Data System},
 adsurl = {http://adsabs.harvard.edu/abs/2015MNRAS.454.2173R},
 archiveprefix = {arXiv},
 author = {{Rosotti}, G.~P. and {Ercolano}, B. and {Owen}, J.~E.},
 eprint = {1509.04278},
 journal = {\mnras},
 keyword = {hydrodynamics, planet-disc interactions, protoplanetary discs},
 month = {dec},
 pages = {2173-2182},
 primaryclass = {astro-ph.EP},
 title = {The long-term evolution of photoevaporating transition discs with giant planets},
 volume = {454},
 year = {2015}
}

@article{2016ApJ...822..111K,
 adsnote = {Provided by the SAO/NASA Astrophysics Data System},
 adsurl = {http://adsabs.harvard.edu/abs/2016ApJ...822..111K},
 archiveprefix = {arXiv},
 author = {{Krijt}, S. and {Ciesla}, F.~J.},
 eid = {111},
 eprint = {1603.02630},
 journal = {\apj},
 keyword = {circumstellar matter, methods: numerical, protoplanetary disks},
 month = {may},
 pages = {111},
 primaryclass = {astro-ph.EP},
 title = {Dust Diffusion and Settling in the Presence of Collisions: Trapping (sub)micron Grains in the Midplane},
 volume = {822},
 year = {2016}
}

@article{2016ApJ...831..169S,
 adsnote = {Provided by the SAO/NASA Astrophysics Data System},
 adsurl = {http://adsabs.harvard.edu/abs/2016ApJ...831..169S},
 archiveprefix = {arXiv},
 author = {{Simon}, M.~N. and {Pascucci}, I. and {Edwards}, S. and {Feng}, W. and
{Gorti}, U. and {Hollenbach}, D. and {Rigliaco}, E. and {Keane}, J.~T.},
 eid = {169},
 eprint = {1608.06992},
 journal = {\apj},
 keyword = {accretion, accretion disks, protoplanetary disks, stars: pre-main sequence},
 month = {nov},
 pages = {169},
 primaryclass = {astro-ph.SR},
 title = {Tracing Slow Winds from T Tauri Stars via Low-velocity Forbidden Line Emission},
 volume = {831},
 year = {2016}
}

@article{2016MNRAS.460.3472E,
 adsnote = {Provided by the SAO/NASA Astrophysics Data System},
 adsurl = {http://adsabs.harvard.edu/abs/2016MNRAS.460.3472E},
 archiveprefix = {arXiv},
 author = {{Ercolano}, B. and {Owen}, J.~E.},
 eprint = {1605.04066},
 journal = {\mnras},
 keyword = {protoplanetary discs},
 month = {aug},
 pages = {3472-3478},
 primaryclass = {astro-ph.EP},
 title = {Blueshifted [O I] lines from protoplanetary discs: the smoking gun of X-ray photoevaporation},
 volume = {460},
 year = {2016}
}

@article{2016MNRAS.461..742H,
 adsnote = {Provided by the SAO/NASA Astrophysics Data System},
 adsurl = {http://adsabs.harvard.edu/abs/2016MNRAS.461..742H},
 archiveprefix = {arXiv},
 author = {{Hutchison}, M.~A. and {Price}, D.~J. and {Laibe}, G. and {Maddison}, S.~T.},
 eprint = {1603.02899},
 journal = {\mnras},
 keyword = {planets and satellites: atmospheres, protoplanetary discs, circumstellar matter, stars: pre-main-sequence},
 month = {sep},
 pages = {742-759},
 primaryclass = {astro-ph.SR},
 title = {On dust entrainment in photoevaporative winds},
 volume = {461},
 year = {2016}
}

@article{2016MNRAS.463.2725H,
 adsnote = {Provided by the SAO/NASA Astrophysics Data System},
 adsurl = {http://adsabs.harvard.edu/abs/2016MNRAS.463.2725H},
 archiveprefix = {arXiv},
 author = {{Hutchison}, M.~A. and {Laibe}, G. and {Maddison}, S.~T.},
 eprint = {1608.08034},
 journal = {\mnras},
 keyword = {planets and satellites: atmospheres, protoplanetary discs, circumstellar matter, stars: pre-main-sequence},
 month = {dec},
 pages = {2725-2734},
 primaryclass = {astro-ph.SR},
 title = {On the maximum grain size entrained by photoevaporative winds},
 volume = {463},
 year = {2016}
}

