@article{1974MNRAS.168..603L,
 adsnote = {Provided by the SAO/NASA Astrophysics Data System},
 adsurl = {http://adsabs.harvard.edu/abs/1974MNRAS.168..603L},
 author = {{Lynden-Bell}, D. and {Pringle}, J.~E.},
 journal = {\mnras},
 month = {sep},
 pages = {603-637},
 title = {The evolution of viscous discs and the origin of the nebular variables.},
 volume = {168},
 year = {1974}
}

@article{1992ApJ...395L.115M,
 adsnote = {Provided by the SAO/NASA Astrophysics Data System},
 adsurl = {http://adsabs.harvard.edu/abs/1992ApJ...395L.115M},
 author = {{Marsh}, K.~A. and {Mahoney}, M.~J.},
 journal = {\apjl},
 keyword = {Binary Stars, Companion Stars, Planetary Systems, Stellar Spectra, T Tauri Stars, Spectral Energy Distribution, Stellar Envelopes, Stellar Temperature},
 month = {aug},
 pages = {L115-L118},
 title = {Evidence for unseen companions around T Tauri stars},
 volume = {395},
 year = {1992}
}

@article{1995ApJS..101..117K,
 adsnote = {Provided by the SAO/NASA Astrophysics Data System},
 adsurl = {http://adsabs.harvard.edu/abs/1995ApJS..101..117K},
 author = {{Kenyon}, S.~J. and {Hartmann}, L.},
 journal = {\apjs},
 keyword = {INFRARED: STARS, ISM: CLOUDS, STARS: EVOLUTION, STARS: LUMINOSITY FUNCTION, MASS FUNCTION, STARS: PRE-MAIN-SEQUENCE},
 month = {nov},
 pages = {117},
 title = {Pre-Main-Sequence Evolution in the Taurus-Auriga Molecular Cloud},
 volume = {101},
 year = {1995}
}

@article{1997Icar..128..213K,
 adsnote = {Provided by the SAO/NASA Astrophysics Data System},
 adsurl = {http://adsabs.harvard.edu/abs/1997Icar..128..213K},
 author = {{Klahr}, H.~H. and {Henning}, T.},
 journal = {\icarus},
 month = {jul},
 pages = {213-229},
 title = {Particle-Trapping Eddies in Protoplanetary Accretion Disks},
 volume = {128},
 year = {1997}
}

@article{1998ApJ...495..385H,
 adsnote = {Provided by the SAO/NASA Astrophysics Data System},
 adsurl = {http://adsabs.harvard.edu/abs/1998ApJ...495..385H},
 author = {{Hartmann}, L. and {Calvet}, N. and {Gullbring}, E. and {D'Alessio}, P.},
 journal = {\apj},
 keyword = {ACCRETION, ACCRETION DISKS, STARS: CIRCUMSTELLAR MATTER, STARS: FORMATION, STARS: PRE-MAIN-SEQUENCE, Accretion, Accretion Disks, Stars: Circumstellar Matter, Stars: Formation, Stars: Pre-Main-Sequence},
 month = {mar},
 pages = {385-400},
 title = {Accretion and the Evolution of T Tauri Disks},
 volume = {495},
 year = {1998}
}

@article{2001MNRAS.328..485C,
 adsnote = {Provided by the SAO/NASA Astrophysics Data System},
 adsurl = {http://adsabs.harvard.edu/abs/2001MNRAS.328..485C},
 author = {{Clarke}, C.~J. and {Gendrin}, A. and {Sotomayor}, M.},
 journal = {\mnras},
 keyword = {ACCRETION, ACCRETION DISCS, CIRCUMSTELLAR MATTER, PLANETARY SYSTEMS: FORMATION, STARS: PRE-MAIN-SEQUENCE},
 month = {dec},
 pages = {485-491},
 title = {The dispersal of circumstellar discs: the role of the ultraviolet switch},
 volume = {328},
 year = {2001}
}

@article{2003A&A...403..323T,
 adsnote = {Provided by the SAO/NASA Astrophysics Data System},
 adsurl = {http://adsabs.harvard.edu/abs/2003A%26A...403..323T},
 author = {{Testi}, L. and {Natta}, A. and {Shepherd}, D.~S. and {Wilner}, D.~J.},
 eprint = {astro-ph/0303420},
 journal = {\aap},
 keyword = {stars: planetary systems: protoplanetary disks, stars: planetary systems: formation, stars: formation, stars: individual: CQ Tauri},
 month = {may},
 pages = {323-328},
 title = {Large grains in the disk of CQ Tau},
 volume = {403},
 year = {2003}
}

@article{2005A&A...434..971D,
 adsnote = {Provided by the SAO/NASA Astrophysics Data System},
 adsurl = {http://adsabs.harvard.edu/abs/2005A%26A...434..971D},
 author = {{Dullemond}, C.~P. and {Dominik}, C.},
 eprint = {astro-ph/0412117},
 journal = {\aap},
 keyword = {accretion, accretion disks, stars: circumstellar matter, stars: formation, stars: pre-main sequence, infrared: stars, ISM: dust, extinction},
 month = {may},
 pages = {971-986},
 title = {Dust coagulation in protoplanetary disks: A rapid depletion of small grains},
 volume = {434},
 year = {2005}
}

@article{2005ApJ...623L.149T,
 adsnote = {Provided by the SAO/NASA Astrophysics Data System},
 adsurl = {http://adsabs.harvard.edu/abs/2005ApJ...623L.149T},
 author = {{Throop}, H.~B. and {Bally}, J.},
 eprint = {astro-ph/0411647},
 journal = {\apjl},
 keyword = {Stars: Planetary Systems: Formation, Stars: Planetary Systems: Protoplanetary Disks, Solar System: Formation},
 month = {apr},
 pages = {L149-L152},
 title = {Can Photoevaporation Trigger Planetesimal Formation?},
 volume = {623},
 year = {2005}
}

@article{2005ApJ...630L.185C,
 adsnote = {Provided by the SAO/NASA Astrophysics Data System},
 adsurl = {http://adsabs.harvard.edu/abs/2005ApJ...630L.185C},
 author = {{Calvet}, N. and {D'Alessio}, P. and {Watson}, D.~M. and {Franco-Hern{\'a}ndez}, R. and
{Furlan}, E. and {Green}, J. and {Sutter}, P.~M. and {Forrest}, W.~J. and
{Hartmann}, L. and {Uchida}, K.~I. and {Keller}, L.~D. and {Sargent}, B. and
{Najita}, J. and {Herter}, T.~L. and {Barry}, D.~J. and {Hall}, P.},
 journal = {\apjl},
 keyword = {Accretion, Accretion Disks, Stars: Circumstellar Matter, Stars: Formation, Stars: Pre-Main-Sequence},
 month = {sep},
 pages = {L185-L188},
 title = {Disks in Transition in the Taurus Population: Spitzer IRS Spectra of GM Aurigae and DM Tauri},
 volume = {630},
 year = {2005}
}

@article{2005ApJS..160..401P,
 adsnote = {Provided by the SAO/NASA Astrophysics Data System},
 adsurl = {http://adsabs.harvard.edu/abs/2005ApJS..160..401P},
 author = {{Preibisch}, T. and {Kim}, Y.-C. and {Favata}, F. and {Feigelson}, E.~D. and
{Flaccomio}, E. and {Getman}, K. and {Micela}, G. and {Sciortino}, S. and
{Stassun}, K. and {Stelzer}, B. and {Zinnecker}, H.},
 eprint = {astro-ph/0506526},
 journal = {\apjs},
 keyword = {Galaxy: Open Clusters and Associations: Individual: Name: Orion Nebula Cluster, Stars: Activity, Stars: Magnetic Fields, Stars: Pre-Main-Sequence, X-Rays: Stars},
 month = {oct},
 pages = {401-422},
 title = {The Origin of T Tauri X-Ray Emission: New Insights from the Chandra Orion Ultradeep Project},
 volume = {160},
 year = {2005}
}

@article{2006MNRAS.369..216A,
 adsnote = {Provided by the SAO/NASA Astrophysics Data System},
 adsurl = {http://adsabs.harvard.edu/abs/2006MNRAS.369..216A},
 author = {{Alexander}, R.~D. and {Clarke}, C.~J. and {Pringle}, J.~E.},
 eprint = {astro-ph/0603253},
 journal = {\mnras},
 keyword = {accretion, accretion discs: hydrodynamics: circumstellar matter: planetary systems: protoplanetary discs: stars: pre-main-sequence, accretion discs, hydrodynamics, circumstellar matter, planetary systems: protoplanetary discs, stars: pre-main-sequence},
 month = {jun},
 pages = {216-228},
 title = {Photoevaporation of protoplanetary discs - I. Hydrodynamic models},
 volume = {369},
 year = {2006}
}

@article{2008A&A...480..859B,
 adsnote = {Provided by the SAO/NASA Astrophysics Data System},
 adsurl = {http://adsabs.harvard.edu/abs/2008A%26A...480..859B},
 archiveprefix = {arXiv},
 author = {{Brauer}, F. and {Dullemond}, C.~P. and {Henning}, T.},
 eprint = {0711.2192},
 journal = {\aap},
 keyword = {accretion, accretion disks, circumstellar matter, stars: formation, stars: pre-main-sequence, infrared: stars, planetary systems: protoplanetary disks},
 month = {mar},
 pages = {859-877},
 title = {Coagulation, fragmentation and radial motion of solid particles in protoplanetary disks},
 volume = {480},
 year = {2008}
}

@article{2008A&A...487L...9K,
 adsnote = {Provided by the SAO/NASA Astrophysics Data System},
 adsurl = {http://adsabs.harvard.edu/abs/2008A%26A...487L...9K},
 archiveprefix = {arXiv},
 author = {{Kley}, W. and {Crida}, A.},
 eprint = {0806.2990},
 journal = {\aap},
 keyword = {stars: planetary systems: formation, accretion, accretion disks},
 month = {aug},
 pages = {L9-L12},
 title = {Migration of protoplanets in radiative discs},
 volume = {487},
 year = {2008}
}

@article{2008A&A...489..931Z,
 adsnote = {Provided by the SAO/NASA Astrophysics Data System},
 adsurl = {http://adsabs.harvard.edu/abs/2008A%26A...489..931Z},
 archiveprefix = {arXiv},
 author = {{Zsom}, A. and {Dullemond}, C.~P.},
 eprint = {0807.5052},
 journal = {\aap},
 keyword = {accretion, accretion disks, methods: statistical, planets and satellites: formation, ISM: dust, extinction},
 month = {oct},
 pages = {931-941},
 title = {A representative particle approach to coagulation and fragmentation of dust aggregates and fluid droplets},
 volume = {489},
 year = {2008}
}

@article{2008ApJ...688..398E,
 adsnote = {Provided by the SAO/NASA Astrophysics Data System},
 adsurl = {http://adsabs.harvard.edu/abs/2008ApJ...688..398E},
 archiveprefix = {arXiv},
 author = {{Ercolano}, B. and {Drake}, J.~J. and {Raymond}, J.~C. and {Clarke}, C.~C.},
 eid = {398-407},
 eprint = {0805.4625},
 journal = {\apj},
 keyword = {accretion, accretion disks, infrared: stars, planetary systems: protoplanetary disks, stars: formation, stars: pre-main sequence, X-rays: stars},
 month = {nov},
 pages = {398-407},
 title = {X-Ray-Irradiated Protoplanetary Disk Atmospheres. I. Predicted Emission-Line Spectrum and Photoevaporation},
 volume = {688},
 year = {2008}
}

@article{2009A&A...503L...5B,
 adsnote = {Provided by the SAO/NASA Astrophysics Data System},
 adsurl = {http://adsabs.harvard.edu/abs/2009A%26A...503L...5B},
 archiveprefix = {arXiv},
 author = {{Birnstiel}, T. and {Dullemond}, C.~P. and {Brauer}, F.},
 eprint = {0907.0985},
 journal = {\aap},
 keyword = {accretion, accretion disks, circumstellar matter, stars: formation, stars: pre-main-sequence, infrared: stars},
 month = {aug},
 pages = {L5-L8},
 primaryclass = {astro-ph.EP},
 title = {Dust retention in protoplanetary disks},
 volume = {503},
 year = {2009}
}

@article{2009A&A...506..971K,
 adsnote = {Provided by the SAO/NASA Astrophysics Data System},
 adsurl = {http://adsabs.harvard.edu/abs/2009A%26A...506..971K},
 archiveprefix = {arXiv},
 author = {{Kley}, W. and {Bitsch}, B. and {Klahr}, H.},
 eprint = {0908.1863},
 journal = {\aap},
 keyword = {accretion, accretion disks, hydrodynamics, radiative transfer, planets and satellites: formation},
 month = {nov},
 pages = {971-987},
 primaryclass = {astro-ph.EP},
 title = {Planet migration in three-dimensional radiative discs},
 volume = {506},
 year = {2009}
}

@article{2009ApJ...690.1539G,
 adsnote = {Provided by the SAO/NASA Astrophysics Data System},
 adsurl = {http://adsabs.harvard.edu/abs/2009ApJ...690.1539G},
 archiveprefix = {arXiv},
 author = {{Gorti}, U. and {Hollenbach}, D.},
 eprint = {0809.1494},
 journal = {\apj},
 keyword = {accretion, accretion disks, planetary systems: protoplanetary disks, stars: formation, stars: pre-main sequence, ultraviolet: stars, X-rays: stars},
 month = {jan},
 pages = {1539-1552},
 title = {Photoevaporation of Circumstellar Disks By Far-Ultraviolet, Extreme-Ultraviolet and X-Ray Radiation from the Central Star},
 volume = {690},
 year = {2009}
}

@article{2009ApJ...691L..49S,
 adsnote = {Provided by the SAO/NASA Astrophysics Data System},
 adsurl = {http://adsabs.harvard.edu/abs/2009ApJ...691L..49S},
 archiveprefix = {arXiv},
 author = {{Suzuki}, T.~K. and {Inutsuka}, S.-i.},
 eprint = {0812.0844},
 journal = {\apjl},
 keyword = {accretion, accretion disks, MHD, planetary systems: protoplanetary disks, stars: winds, outflows, turbulence, waves},
 month = {jan},
 pages = {L49-L54},
 title = {Disk Winds Driven by Magnetorotational Instability and Dispersal of Protoplanetary Disks},
 volume = {691},
 year = {2009}
}

@article{2009ApJ...699.1639E,
 adsnote = {Provided by the SAO/NASA Astrophysics Data System},
 adsurl = {http://adsabs.harvard.edu/abs/2009ApJ...699.1639E},
 archiveprefix = {arXiv},
 author = {{Ercolano}, B. and {Clarke}, C.~J. and {Drake}, J.~J.},
 eprint = {0905.1001},
 journal = {\apj},
 keyword = {accretion, accretion disks, infrared: stars, planetary systems: protoplanetary disks, stars: formation, stars: pre-main sequence, X-rays: stars},
 month = {jul},
 pages = {1639-1649},
 primaryclass = {astro-ph.GA},
 title = {X-Ray Irradiated Protoplanetary Disk Atmospheres. II. Predictions from Models in Hydrostatic Equilibrium},
 volume = {699},
 year = {2009}
}

@article{2009ApJ...705.1237G,
 adsnote = {Provided by the SAO/NASA Astrophysics Data System},
 adsurl = {http://adsabs.harvard.edu/abs/2009ApJ...705.1237G},
 archiveprefix = {arXiv},
 author = {{Gorti}, U. and {Dullemond}, C.~P. and {Hollenbach}, D.},
 eprint = {0909.1836},
 journal = {\apj},
 keyword = {accretion, accretion disks, planetary systems: protoplanetary disks, stars: formation, stars: pre-main-sequence, ultraviolet: stars, X-rays: stars},
 month = {nov},
 pages = {1237-1251},
 primaryclass = {astro-ph.SR},
 title = {Time Evolution of Viscous Circumstellar Disks due to Photoevaporation by Far-Ultraviolet, Extreme-Ultraviolet, and X-ray Radiation from the Central Star},
 volume = {705},
 year = {2009}
}

@article{2010A&A...511A..81K,
 adsnote = {Provided by the SAO/NASA Astrophysics Data System},
 adsurl = {http://adsabs.harvard.edu/abs/2010A%26A...511A..81K},
 archiveprefix = {arXiv},
 author = {{Kuiper}, R. and {Klahr}, H. and {Dullemond}, C. and {Kley}, W. and
{Henning}, T.},
 eid = {A81},
 eprint = {1001.3301},
 journal = {\aap},
 keyword = {radiative transfer, hydrodynamics, stars: formation, circumstellar matter, accretion, accretion disks, methods: numerical},
 month = {feb},
 pages = {A81},
 primaryclass = {astro-ph.SR},
 title = {Fast and accurate frequency-dependent radiation transport for hydrodynamics simulations in massive star formation},
 volume = {511},
 year = {2010}
}

@article{2010A&A...512A..15R,
 adsnote = {Provided by the SAO/NASA Astrophysics Data System},
 adsurl = {http://adsabs.harvard.edu/abs/2010A%26A...512A..15R},
 archiveprefix = {arXiv},
 author = {{Ricci}, L. and {Testi}, L. and {Natta}, A. and {Neri}, R. and
{Cabrit}, S. and {Herczeg}, G.~J.},
 eid = {A15},
 eprint = {0912.3356},
 journal = {\aap},
 keyword = {protoplanetary disks, stars: pre-main sequence, planets and satellites: formation},
 month = {mar},
 pages = {A15},
 primaryclass = {astro-ph.EP},
 title = {Dust properties of protoplanetary disks in the Taurus-Auriga star forming region from millimeter wavelengths},
 volume = {512},
 year = {2010}
}

@article{2010A&A...513A..56G,
 adsnote = {Provided by the SAO/NASA Astrophysics Data System},
 adsurl = {http://adsabs.harvard.edu/abs/2010A%26A...513A..56G},
 archiveprefix = {arXiv},
 author = {{G{\"u}ttler}, C. and {Blum}, J. and {Zsom}, A. and {Ormel}, C.~W. and
{Dullemond}, C.~P.},
 eid = {A56},
 eprint = {0910.4251},
 journal = {\aap},
 keyword = {accretion, accretion disks, methods: laboratory, planets and satellites: formation},
 month = {apr},
 pages = {A56},
 primaryclass = {astro-ph.EP},
 title = {The outcome of protoplanetary dust growth: pebbles, boulders, or planetesimals?. I. Mapping the zoo of laboratory collision experiments},
 volume = {513},
 year = {2010}
}

@article{2010A&A...513A..57Z,
 adsnote = {Provided by the SAO/NASA Astrophysics Data System},
 adsurl = {http://adsabs.harvard.edu/abs/2010A%26A...513A..57Z},
 archiveprefix = {arXiv},
 author = {{Zsom}, A. and {Ormel}, C.~W. and {G{\"u}ttler}, C. and {Blum}, J. and
{Dullemond}, C.~P.},
 eid = {A57},
 eprint = {1001.0488},
 journal = {\aap},
 keyword = {planets and satellites: formation, accretion, accretion disks, methods: numerical},
 month = {apr},
 pages = {A57},
 primaryclass = {astro-ph.EP},
 title = {The outcome of protoplanetary dust growth: pebbles, boulders, or planetesimals? II. Introducing the bouncing barrier},
 volume = {513},
 year = {2010}
}

@article{2010A&A...513A..79B,
 adsnote = {Provided by the SAO/NASA Astrophysics Data System},
 adsurl = {http://adsabs.harvard.edu/abs/2010A%26A...513A..79B},
 archiveprefix = {arXiv},
 author = {{Birnstiel}, T. and {Dullemond}, C.~P. and {Brauer}, F.},
 eid = {A79},
 eprint = {1002.0335},
 journal = {\aap},
 keyword = {accretion, accretion disks, circumstellar matter, stars: formation, stars: pre-main sequence, infrared: stars},
 month = {apr},
 pages = {A79},
 primaryclass = {astro-ph.EP},
 title = {Gas- and dust evolution in protoplanetary disks},
 volume = {513},
 year = {2010}
}

@article{2010A&A...516L..14B,
 adsnote = {Provided by the SAO/NASA Astrophysics Data System},
 adsurl = {http://adsabs.harvard.edu/abs/2010A%26A...516L..14B},
 archiveprefix = {arXiv},
 author = {{Birnstiel}, T. and {Ricci}, L. and {Trotta}, F. and {Dullemond}, C.~P. and
{Natta}, A. and {Testi}, L. and {Dominik}, C. and {Henning}, T. and
{Ormel}, C.~W. and {Zsom}, A.},
 eid = {L14},
 eprint = {1006.0940},
 journal = {\aap},
 keyword = {accretion, accretion disks, circumstellar matter, stars: pre-main-sequence, protoplanetary disks, planets and satellites: formation, submillimeter: stars},
 month = {jun},
 pages = {L14},
 primaryclass = {astro-ph.SR},
 title = {Testing the theory of grain growth and fragmentation by millimeter observations of protoplanetary disks},
 volume = {516},
 year = {2010}
}

@article{2010A&A...521A..66R,
 adsnote = {Provided by the SAO/NASA Astrophysics Data System},
 adsurl = {http://adsabs.harvard.edu/abs/2010A%26A...521A..66R},
 archiveprefix = {arXiv},
 author = {{Ricci}, L. and {Testi}, L. and {Natta}, A. and {Brooks}, K.~J.},
 eid = {A66},
 eprint = {1008.1144},
 journal = {\aap},
 keyword = {protoplanetary disks, planets and satellites: formation, stars: pre-main sequence},
 month = {oct},
 pages = {A66},
 primaryclass = {astro-ph.SR},
 title = {Dust grain growth in {$\rho$}-Ophiuchi protoplanetary disks},
 volume = {521},
 year = {2010}
}

@article{2010ApJS..186..111L,
 adsnote = {Provided by the SAO/NASA Astrophysics Data System},
 adsurl = {http://adsabs.harvard.edu/abs/2010ApJS..186..111L},
 archiveprefix = {arXiv},
 author = {{Luhman}, K.~L. and {Allen}, P.~R. and {Espaillat}, C. and {Hartmann}, L. and
{Calvet}, N.},
 eprint = {0911.5457},
 journal = {\apjs},
 keyword = {accretion, accretion disks, brown dwarfs, protoplanetary disks, stars: formation, stars: low-mass, stars: pre-main sequence},
 month = {jan},
 pages = {111-174},
 title = {The Disk Population of the Taurus Star-Forming Region},
 volume = {186},
 year = {2010}
}

@article{2010Icar..210..507O,
 adsnote = {Provided by the SAO/NASA Astrophysics Data System},
 adsurl = {http://adsabs.harvard.edu/abs/2010Icar..210..507O},
 archiveprefix = {arXiv},
 author = {{Ormel}, C.~W. and {Dullemond}, C.~P. and {Spaans}, M.},
 eprint = {1006.3186},
 journal = {\icarus},
 month = {nov},
 pages = {507-538},
 primaryclass = {astro-ph.EP},
 title = {Accretion among preplanetary bodies: The many faces of runaway growth},
 volume = {210},
 year = {2010}
}

@article{2010MNRAS.401.1415O,
 adsnote = {Provided by the SAO/NASA Astrophysics Data System},
 adsurl = {http://adsabs.harvard.edu/abs/2010MNRAS.401.1415O},
 archiveprefix = {arXiv},
 author = {{Owen}, J.~E. and {Ercolano}, B. and {Clarke}, C.~J. and {Alexander}, R.~D.},
 eprint = {0909.4309},
 journal = {\mnras},
 keyword = {accretion, accretion discs, circumstellar matter, planetary systems: protoplanetary discs, stars: pre-main-sequence, X-rays: stars},
 month = {jan},
 pages = {1415-1428},
 primaryclass = {astro-ph.SR},
 title = {Radiation-hydrodynamic models of X-ray and EUV photoevaporating protoplanetary discs},
 volume = {401},
 year = {2010}
}

@article{2010MNRAS.406.1553E,
 adsnote = {Provided by the SAO/NASA Astrophysics Data System},
 adsurl = {http://adsabs.harvard.edu/abs/2010MNRAS.406.1553E},
 archiveprefix = {arXiv},
 author = {{Ercolano}, B. and {Owen}, J.~E.},
 eprint = {1004.1203},
 journal = {\mnras},
 keyword = {accretion, accretion discs, protoplanetary discs, circumstellar matter, planetary systems, stars: pre-main-sequence},
 month = {aug},
 pages = {1553-1569},
 title = {Theoretical spectra of photoevaporating protoplanetary discs: an atlas of atomic and low-ionization emission lines},
 volume = {406},
 year = {2010}
}

@article{2011A&A...525A..12B,
 adsnote = {Provided by the SAO/NASA Astrophysics Data System},
 adsurl = {http://adsabs.harvard.edu/abs/2011A%26A...525A..12B},
 archiveprefix = {arXiv},
 author = {{Banzatti}, A. and {Testi}, L. and {Isella}, A. and {Natta}, A. and
{Neri}, R. and {Wilner}, D.~J.},
 eid = {A12},
 eprint = {1009.2697},
 journal = {\aap},
 keyword = {protoplanetary disks, dust, extinction, circumstellar matter, stars: individual: CQ Tauri},
 month = {jan},
 pages = {A12},
 title = {New constraints on dust grain size and distribution in CQ Tauri},
 volume = {525},
 year = {2011}
}

@article{2011ApJ...729...47Z,
 adsnote = {Provided by the SAO/NASA Astrophysics Data System},
 adsurl = {http://adsabs.harvard.edu/abs/2011ApJ...729...47Z},
 archiveprefix = {arXiv},
 author = {{Zhu}, Z. and {Nelson}, R.~P. and {Hartmann}, L. and {Espaillat}, C. and
{Calvet}, N.},
 eid = {47},
 eprint = {1012.4395},
 journal = {\apj},
 keyword = {accretion, accretion disks, stars: formation, stars: pre-main sequence},
 month = {mar},
 pages = {47},
 primaryclass = {astro-ph.SR},
 title = {Transitional and Pre-transitional Disks: Gap Opening by Multiple Planets?},
 volume = {729},
 year = {2011}
}

@article{2011ApJ...729L..17H,
 adsnote = {Provided by the SAO/NASA Astrophysics Data System},
 adsurl = {http://adsabs.harvard.edu/abs/2011ApJ...729L..17H},
 archiveprefix = {arXiv},
 author = {{Hashimoto}, J. and {Tamura}, M. and {Muto}, T. and {Kudo}, T. and
{Fukagawa}, M. and {Fukue}, T. and {Goto}, M. and {Grady}, C.~A. and
{Henning}, T. and {Hodapp}, K. and {Honda}, M. and {Inutsuka}, S. and
{Kokubo}, E. and {Knapp}, G. and {McElwain}, M.~W. and {Momose}, M. and
{Ohashi}, N. and {Okamoto}, Y.~K. and {Takami}, M. and {Turner}, E.~L. and
{Wisniewski}, J. and {Janson}, M. and {Abe}, L. and {Brandner}, W. and
{Carson}, J. and {Egner}, S. and {Feldt}, M. and {Golota}, T. and
{Guyon}, O. and {Hayano}, Y. and {Hayashi}, M. and {Hayashi}, S. and
{Ishii}, M. and {Kandori}, R. and {Kusakabe}, N. and {Matsuo}, T. and
{Mayama}, S. and {Miyama}, S. and {Morino}, J.-I. and {Moro-Martin}, A. and
{Nishimura}, T. and {Pyo}, T.-S. and {Suto}, H. and {Suzuki}, R. and
{Takato}, N. and {Terada}, H. and {Thalmann}, C. and {Tomono}, D. and
{Watanabe}, M. and {Yamada}, T. and {Takami}, H. and {Usuda}, T.},
 eid = {L17},
 eprint = {1102.4408},
 journal = {\apjl},
 keyword = {planetary systems, polarization, protoplanetary disks, stars: individual: AB Aurigae, stars: pre-main sequence},
 month = {mar},
 pages = {L17},
 primaryclass = {astro-ph.SR},
 title = {Direct Imaging of Fine Structures in Giant Planet-forming Regions of the Protoplanetary Disk Around AB Aurigae},
 volume = {729},
 year = {2011}
}

@article{2011ApJS..194...10P,
 adsnote = {Provided by the SAO/NASA Astrophysics Data System},
 adsurl = {http://adsabs.harvard.edu/abs/2011ApJS..194...10P},
 archiveprefix = {arXiv},
 author = {{Preibisch}, T. and {Hodgkin}, S. and {Irwin}, M. and {Lewis}, J.~R. and
{King}, R.~R. and {McCaughrean}, M.~J. and {Zinnecker}, H. and
{Townsley}, L. and {Broos}, P.},
 eid = {10},
 eprint = {1103.2052},
 journal = {\apjs},
 keyword = {circumstellar matter, infrared: stars, ISM: individual objects: NGC 3372, stars: formation, stars: pre-main sequence, X-rays: stars},
 month = {may},
 pages = {10},
 primaryclass = {astro-ph.SR},
 title = {Near-infrared Properties of the X-ray-emitting Young Stellar Objects in the Carina Nebula},
 volume = {194},
 year = {2011}
}

@article{2011ARA&A..49..195A,
 adsnote = {Provided by the SAO/NASA Astrophysics Data System},
 adsurl = {http://adsabs.harvard.edu/abs/2011ARA%26A..49..195A},
 archiveprefix = {arXiv},
 author = {{Armitage}, P.~J.},
 eprint = {1011.1496},
 journal = {\araa},
 month = {sep},
 pages = {195-236},
 primaryclass = {astro-ph.SR},
 title = {Dynamics of Protoplanetary Disks},
 volume = {49},
 year = {2011}
}

@article{2011MNRAS.410..671E,
 adsnote = {Provided by the SAO/NASA Astrophysics Data System},
 adsurl = {http://adsabs.harvard.edu/abs/2011MNRAS.410..671E},
 archiveprefix = {arXiv},
 author = {{Ercolano}, B. and {Clarke}, C.~J. and {Hall}, A.~C.},
 eprint = {1008.0866},
 journal = {\mnras},
 keyword = {accretion, accretion discs, protoplanetary discs, circumstellar matter, stars: pre-main-sequence},
 month = {jan},
 pages = {671-678},
 primaryclass = {astro-ph.SR},
 title = {The clearing of discs around late-type T Tauri stars: constraints from the infrared two-colour plane},
 volume = {410},
 year = {2011}
}

@article{2011MNRAS.412...13O,
 adsnote = {Provided by the SAO/NASA Astrophysics Data System},
 adsurl = {http://adsabs.harvard.edu/abs/2011MNRAS.412...13O},
 archiveprefix = {arXiv},
 author = {{Owen}, J.~E. and {Ercolano}, B. and {Clarke}, C.~J.},
 eprint = {1010.0826},
 journal = {\mnras},
 keyword = {accretion, accretion discs, protoplanetary discs, circumstellar matter, stars: pre-main-sequence, X-rays: stars},
 month = {mar},
 pages = {13-25},
 primaryclass = {astro-ph.SR},
 title = {Protoplanetary disc evolution and dispersal: the implications of X-ray photoevaporation},
 volume = {412},
 year = {2011}
}

@article{2011MNRAS.417.2950I,
 adsnote = {Provided by the SAO/NASA Astrophysics Data System},
 adsurl = {http://adsabs.harvard.edu/abs/2011MNRAS.417.2950I},
 archiveprefix = {arXiv},
 author = {{Ilee}, J.~D. and {Boley}, A.~C. and {Caselli}, P. and {Durisen}, R.~H. and
{Hartquist}, T.~W. and {Rawlings}, J.~M.~C.},
 eprint = {1107.3041},
 journal = {\mnras},
 keyword = {astrochemistry, protoplanetary discs, circumstellar matter, stars: pre-main-sequence},
 month = {nov},
 pages = {2950-2961},
 title = {Chemistry in a gravitationally unstable protoplanetary disc},
 volume = {417},
 year = {2011}
}

@article{2012A&A...538A.114P,
 adsnote = {Provided by the SAO/NASA Astrophysics Data System},
 adsurl = {http://adsabs.harvard.edu/abs/2012A%26A...538A.114P},
 archiveprefix = {arXiv},
 author = {{Pinilla}, P. and {Birnstiel}, T. and {Ricci}, L. and {Dullemond}, C.~P. and
{Uribe}, A.~L. and {Testi}, L. and {Natta}, A.},
 eid = {A114},
 eprint = {1112.2349},
 journal = {\aap},
 keyword = {circumstellar matter, accretion, accretion disks, stars: pre-main sequence, planet and satellites: formation, protoplanetary disks},
 month = {feb},
 pages = {A114},
 primaryclass = {astro-ph.EP},
 title = {Trapping dust particles in the outer regions of protoplanetary disks},
 volume = {538},
 year = {2012}
}

@article{2012A&A...541A.132P,
 adsnote = {Provided by the SAO/NASA Astrophysics Data System},
 adsurl = {http://adsabs.harvard.edu/abs/2012A%26A...541A.132P},
 archiveprefix = {arXiv},
 author = {{Preibisch}, T. and {Roccatagliata}, V. and {Gaczkowski}, B. and
{Ratzka}, T.},
 eid = {A132},
 eprint = {1204.0627},
 journal = {\aap},
 keyword = {ISM: clouds, ISM: structure, stars: formation},
 month = {may},
 pages = {A132},
 title = {Herschel far-infrared observations of the Carina Nebula complex. I. Introduction and global cloud structure},
 volume = {541},
 year = {2012}
}

@article{2012A&A...544A..79B,
 adsnote = {Provided by the SAO/NASA Astrophysics Data System},
 adsurl = {http://adsabs.harvard.edu/abs/2012A%26A...544A..79B},
 archiveprefix = {arXiv},
 author = {{Birnstiel}, T. and {Andrews}, S.~M. and {Ercolano}, B.},
 eid = {A79},
 eprint = {1206.5802},
 journal = {\aap},
 keyword = {accretion, accretion disks, protoplanetary disks, stars: pre-main sequence, planets and satellites: formation, circumstellar matter},
 month = {aug},
 pages = {A79},
 primaryclass = {astro-ph.SR},
 title = {Can grain growth explain transition disks?},
 volume = {544},
 year = {2012}
}

@article{2012A&A...544L..16W,
 adsnote = {Provided by the SAO/NASA Astrophysics Data System},
 adsurl = {http://adsabs.harvard.edu/abs/2012A%26A...544L..16W},
 archiveprefix = {arXiv},
 author = {{Windmark}, F. and {Birnstiel}, T. and {Ormel}, C.~W. and {Dullemond}, C.~P.},
 eid = {L16},
 eprint = {1208.0304},
 journal = {\aap},
 keyword = {accretion, accretion disks, protoplanetary disks, planets and satellites: formation},
 month = {aug},
 pages = {L16},
 primaryclass = {astro-ph.EP},
 title = {Breaking through: The effects of a velocity distribution on barriers to dust growth},
 volume = {544},
 year = {2012}
}

@article{2012ApJ...748L..22M,
 adsnote = {Provided by the SAO/NASA Astrophysics Data System},
 adsurl = {http://adsabs.harvard.edu/abs/2012ApJ...748L..22M},
 archiveprefix = {arXiv},
 author = {{Muto}, T. and {Grady}, C.~A. and {Hashimoto}, J. and {Fukagawa}, M. and
{Hornbeck}, J.~B. and {Sitko}, M. and {Russell}, R. and {Werren}, C. and
{Cur{\'e}}, M. and {Currie}, T. and {Ohashi}, N. and {Okamoto}, Y. and
{Momose}, M. and {Honda}, M. and {Inutsuka}, S. and {Takeuchi}, T. and
{Dong}, R. and {Abe}, L. and {Brandner}, W. and {Brandt}, T. and
{Carson}, J. and {Egner}, S. and {Feldt}, M. and {Fukue}, T. and
{Goto}, M. and {Guyon}, O. and {Hayano}, Y. and {Hayashi}, M. and
{Hayashi}, S. and {Henning}, T. and {Hodapp}, K.~W. and {Ishii}, M. and
{Iye}, M. and {Janson}, M. and {Kandori}, R. and {Knapp}, G.~R. and
{Kudo}, T. and {Kusakabe}, N. and {Kuzuhara}, M. and {Matsuo}, T. and
{Mayama}, S. and {McElwain}, M.~W. and {Miyama}, S. and {Morino}, J.-I. and
{Moro-Martin}, A. and {Nishimura}, T. and {Pyo}, T.-S. and {Serabyn}, E. and
{Suto}, H. and {Suzuki}, R. and {Takami}, M. and {Takato}, N. and
{Terada}, H. and {Thalmann}, C. and {Tomono}, D. and {Turner}, E.~L. and
{Watanabe}, M. and {Wisniewski}, J.~P. and {Yamada}, T. and
{Takami}, H. and {Usuda}, T. and {Tamura}, M.},
 eid = {L22},
 eprint = {1202.6139},
 journal = {\apjl},
 keyword = {circumstellar matter, instrumentation: high angular resolution, polarization, protoplanetary disks, stars: individual: SAO 206462 HD 135344B, waves},
 month = {apr},
 pages = {L22},
 primaryclass = {astro-ph.EP},
 title = {Discovery of Small-scale Spiral Structures in the Disk of SAO 206462 (HD 135344B): Implications for the Physical State of the Disk from Spiral Density Wave Theory},
 volume = {748},
 year = {2012}
}

@article{2012ApJ...760L..17P,
 adsnote = {Provided by the SAO/NASA Astrophysics Data System},
 adsurl = {http://adsabs.harvard.edu/abs/2012ApJ...760L..17P},
 archiveprefix = {arXiv},
 author = {{P{\'e}rez}, L.~M. and {Carpenter}, J.~M. and {Chandler}, C.~J. and
{Isella}, A. and {Andrews}, S.~M. and {Ricci}, L. and {Calvet}, N. and
{Corder}, S.~A. and {Deller}, A.~T. and {Dullemond}, C.~P. and
{Greaves}, J.~S. and {Harris}, R.~J. and {Henning}, T. and {Kwon}, W. and
{Lazio}, J. and {Linz}, H. and {Mundy}, L.~G. and {Sargent}, A.~I. and
{Storm}, S. and {Testi}, L. and {Wilner}, D.~J.},
 eid = {L17},
 eprint = {1210.5252},
 journal = {\apjl},
 keyword = {protoplanetary disks, stars: individual: AS 209},
 month = {nov},
 pages = {L17},
 primaryclass = {astro-ph.SR},
 title = {Constraints on the Radial Variation of Grain Growth in the AS 209 Circumstellar Disk},
 volume = {760},
 year = {2012}
}

@article{2012MNRAS.422.1880O,
 adsnote = {Provided by the SAO/NASA Astrophysics Data System},
 adsurl = {http://adsabs.harvard.edu/abs/2012MNRAS.422.1880O},
 archiveprefix = {arXiv},
 author = {{Owen}, J.~E. and {Clarke}, C.~J. and {Ercolano}, B.},
 eprint = {1112.1087},
 journal = {\mnras},
 keyword = {accretion, accretion discs, circumstellar matter, protoplanetary discs, planetary systems, stars: pre-main-sequence, X-rays: stars},
 month = {may},
 pages = {1880-1901},
 primaryclass = {astro-ph.SR},
 title = {On the theory of disc photoevaporation},
 volume = {422},
 year = {2012}
}

@article{2012MNRAS.422L..82A,
 adsnote = {Provided by the SAO/NASA Astrophysics Data System},
 adsurl = {http://adsabs.harvard.edu/abs/2012MNRAS.422L..82A},
 archiveprefix = {arXiv},
 author = {{Alexander}, R.~D. and {Pascucci}, I.},
 eprint = {1202.5554},
 journal = {\mnras},
 keyword = {accretion, accretion discs, planets and satellites: formation, planet-disc interactions, protoplanetary discs, planetary systems},
 month = {may},
 pages = {82-86},
 primaryclass = {astro-ph.EP},
 title = {Deserts and pile-ups in the distribution of exoplanets due to photoevaporative disc clearing},
 volume = {422},
 year = {2012}
}

@article{2012MNRAS.426L..96O,
 adsnote = {Provided by the SAO/NASA Astrophysics Data System},
 adsurl = {http://adsabs.harvard.edu/abs/2012MNRAS.426L..96O},
 archiveprefix = {arXiv},
 author = {{Owen}, J.~E. and {Clarke}, C.~J.},
 eprint = {1205.5564},
 journal = {\mnras},
 keyword = {protoplanetary discs, planetary systems, stars: pre-main-sequence},
 month = {oct},
 pages = {L96-L100},
 primaryclass = {astro-ph.EP},
 title = {Two populations of transition discs?},
 volume = {426},
 year = {2012}
}

@article{2012Natur.481..167C,
 adsnote = {Provided by the SAO/NASA Astrophysics Data System},
 adsurl = {http://adsabs.harvard.edu/abs/2012Natur.481..167C},
 archiveprefix = {arXiv},
 author = {{Cassan}, A. and {Kubas}, D. and {Beaulieu}, J.-P. and {Dominik}, M. and
{Horne}, K. and {Greenhill}, J. and {Wambsganss}, J. and {Menzies}, J. and
{Williams}, A. and {J{\o}rgensen}, U.~G. and {Udalski}, A. and
{Bennett}, D.~P. and {Albrow}, M.~D. and {Batista}, V. and {Brillant}, S. and
{Caldwell}, J.~A.~R. and {Cole}, A. and {Coutures}, C. and {Cook}, K.~H. and
{Dieters}, S. and {Prester}, D.~D. and {Donatowicz}, J. and
{Fouqu{\'e}}, P. and {Hill}, K. and {Kains}, N. and {Kane}, S. and
{Marquette}, J.-B. and {Martin}, R. and {Pollard}, K.~R. and
{Sahu}, K.~C. and {Vinter}, C. and {Warren}, D. and {Watson}, B. and
{Zub}, M. and {Sumi}, T. and {Szyma{\'n}ski}, M.~K. and {Kubiak}, M. and
{Poleski}, R. and {Soszynski}, I. and {Ulaczyk}, K. and {Pietrzy{\'n}ski}, G. and
{Wyrzykowski}, {\L}.},
 eprint = {1202.0903},
 journal = {\nat},
 month = {jan},
 pages = {167-169},
 primaryclass = {astro-ph.EP},
 title = {One or more bound planets per Milky Way star from microlensing observations},
 volume = {481},
 year = {2012}
}

@article{2013A&A...551A.107M,
 adsnote = {Provided by the SAO/NASA Astrophysics Data System},
 adsurl = {http://adsabs.harvard.edu/abs/2013A%26A...551A.107M},
 archiveprefix = {arXiv},
 author = {{Manara}, C.~F. and {Testi}, L. and {Rigliaco}, E. and {Alcal{\'a}}, J.~M. and
{Natta}, A. and {Stelzer}, B. and {Biazzo}, K. and {Covino}, E. and
{Covino}, S. and {Cupani}, G. and {D'Elia}, V. and {Randich}, S.},
 eid = {A107},
 eprint = {1301.3058},
 journal = {\aap},
 keyword = {stars: pre-main sequence, stars: low-mass, stars: activity},
 month = {mar},
 pages = {A107},
 title = {X-shooter spectroscopy of young stellar objects. II. Impact of chromospheric emission on accretion rate estimates},
 volume = {551},
 year = {2013}
}

@article{2013A&A...557A.133D,
 adsnote = {Provided by the SAO/NASA Astrophysics Data System},
 adsurl = {http://adsabs.harvard.edu/abs/2013A%26A...557A.133D},
 archiveprefix = {arXiv},
 author = {{de Gregorio-Monsalvo}, I. and {M{\'e}nard}, F. and {Dent}, W. and
{Pinte}, C. and {L{\'o}pez}, C. and {Klaassen}, P. and {Hales}, A. and
{Cort{\'e}s}, P. and {Rawlings}, M.~G. and {Tachihara}, K. and
{Testi}, L. and {Takahashi}, S. and {Chapillon}, E. and {Mathews}, G. and
{Juhasz}, A. and {Akiyama}, E. and {Higuchi}, A.~E. and {Saito}, M. and
{Nyman}, L.-{\AA}. and {Phillips}, N. and {Rod{\'o}n}, J. and
{Corder}, S. and {Van Kempen}, T.},
 eid = {A133},
 eprint = {1307.1357},
 journal = {\aap},
 keyword = {stars: kinematics and dynamics, stars: pre-main sequence, techniques: interferometric, protoplanetary disks, stars: individual: HD 163296},
 month = {sep},
 pages = {A133},
 primaryclass = {astro-ph.SR},
 title = {Unveiling the gas-and-dust disk structure in HD 163296 using ALMA observations},
 volume = {557},
 year = {2013}
}

@article{2013A&A...558A..64T,
 adsnote = {Provided by the SAO/NASA Astrophysics Data System},
 adsurl = {http://adsabs.harvard.edu/abs/2013A%26A...558A..64T},
 archiveprefix = {arXiv},
 author = {{Trotta}, F. and {Testi}, L. and {Natta}, A. and {Isella}, A. and
{Ricci}, L.},
 eid = {A64},
 eprint = {1308.5070},
 journal = {\aap},
 keyword = {protoplanetary disks, stars: pre-main sequence, circumstellar matter, stars: individual: CQ Tauri, dust, extinction, submillimeter: planetary systems},
 month = {oct},
 pages = {A64},
 primaryclass = {astro-ph.SR},
 title = {Constraints on the radial distribution of the dust properties in the CQ Tauri protoplanetary disk},
 volume = {558},
 year = {2013}
}

@article{2013A&A...560A..40M,
 adsnote = {Provided by the SAO/NASA Astrophysics Data System},
 adsurl = {http://adsabs.harvard.edu/abs/2013A%26A...560A..40M},
 archiveprefix = {arXiv},
 author = {{M{\"u}ller}, T.~W.~A. and {Kley}, W.},
 eid = {A40},
 eprint = {1310.4398},
 journal = {\aap},
 keyword = {accretion, accretion disks, protoplanetary disks, planet-disk interactions, methods: numerical, hydrodynamics, planets and satellites: formation},
 month = {dec},
 pages = {A40},
 primaryclass = {astro-ph.EP},
 title = {Modelling accretion in transitional disks},
 volume = {560},
 year = {2013}
}

@article{2013ApJ...764...65M,
 adsnote = {Provided by the SAO/NASA Astrophysics Data System},
 adsurl = {http://adsabs.harvard.edu/abs/2013ApJ...764...65M},
 archiveprefix = {arXiv},
 author = {{Mohanty}, S. and {Ercolano}, B. and {Turner}, N.~J.},
 eid = {65},
 eprint = {1212.3798},
 journal = {\apj},
 keyword = {accretion, accretion disks, brown dwarfs, stars: formation, stars: low-mass},
 month = {feb},
 pages = {65},
 primaryclass = {astro-ph.SR},
 title = {Dead, Undead, and Zombie Zones in Protostellar Disks as a Function of Stellar Mass},
 volume = {764},
 year = {2013}
}

@article{2013MNRAS.428.3327K,
 adsnote = {Provided by the SAO/NASA Astrophysics Data System},
 adsurl = {http://adsabs.harvard.edu/abs/2013MNRAS.428.3327K},
 archiveprefix = {arXiv},
 author = {{Koepferl}, C.~M. and {Ercolano}, B. and {Dale}, J. and {Teixeira}, P.~S. and
{Ratzka}, T. and {Spezzi}, L.},
 eprint = {1210.6268},
 journal = {\mnras},
 keyword = {accretion, accretion discs, radiative transfer, protoplanetary discs, circumstellar matter, planetary systems, stars: pre-main-sequence},
 month = {feb},
 pages = {3327-3354},
 primaryclass = {astro-ph.SR},
 title = {Disc clearing of young stellar objects: evidence for fast inside-out dispersal},
 volume = {428},
 year = {2013}
}

@article{2013MNRAS.430.1392R,
 adsnote = {Provided by the SAO/NASA Astrophysics Data System},
 adsurl = {http://adsabs.harvard.edu/abs/2013MNRAS.430.1392R},
 archiveprefix = {arXiv},
 author = {{Rosotti}, G.~P. and {Ercolano}, B. and {Owen}, J.~E. and {Armitage}, P.~J.},
 eprint = {1301.3015},
 journal = {\mnras},
 keyword = {accretion, accretion discs, hydrodynamics, protoplanetary discs},
 month = {apr},
 pages = {1392-1401},
 primaryclass = {astro-ph.SR},
 title = {The interplay between X-ray photoevaporation and planet formation},
 volume = {430},
 year = {2013}
}

@article{2013MNRAS.433.2064D,
 adsnote = {Provided by the SAO/NASA Astrophysics Data System},
 adsurl = {http://adsabs.harvard.edu/abs/2013MNRAS.433.2064D},
 archiveprefix = {arXiv},
 author = {{Douglas}, T.~A. and {Caselli}, P. and {Ilee}, J.~D. and {Boley}, A.~C. and
{Hartquist}, T.~W. and {Durisen}, R.~H. and {Rawlings}, J.~M.~C.},
 eprint = {1305.3777},
 journal = {\mnras},
 keyword = {Protoplanetary discs, circumstellar matter, stars: formation, submillimetre: planetary systems},
 month = {aug},
 pages = {2064-2074},
 primaryclass = {astro-ph.SR},
 title = {Simulated observations of young gravitationally unstable protoplanetary discs},
 volume = {433},
 year = {2013}
}

@article{2013MNRAS.434.3378O,
 adsnote = {Provided by the SAO/NASA Astrophysics Data System},
 adsurl = {http://adsabs.harvard.edu/abs/2013MNRAS.434.3378O},
 archiveprefix = {arXiv},
 author = {{Owen}, J.~E. and {Scaife}, A.~M.~M. and {Ercolano}, B.},
 eprint = {1307.2240},
 journal = {\mnras},
 keyword = {protoplanetary discs, stars: pre-main-sequence},
 month = {oct},
 pages = {3378-3388},
 primaryclass = {astro-ph.SR},
 title = {Testing protoplanetary disc dispersal with radio emission},
 volume = {434},
 year = {2013}
}

@article{2013MNRAS.436.3446E,
 adsnote = {Provided by the SAO/NASA Astrophysics Data System},
 adsurl = {http://adsabs.harvard.edu/abs/2013MNRAS.436.3446E},
 archiveprefix = {arXiv},
 author = {{Ercolano}, B. and {Glassgold}, A.~E.},
 eprint = {1309.6537},
 journal = {\mnras},
 keyword = {radiative transfer, protoplanetary discs, infrared: stars},
 month = {dec},
 pages = {3446-3450},
 title = {X-ray ionization rates in protoplanetary discs},
 volume = {436},
 year = {2013}
}

@article{2013Natur.493..191C,
 adsnote = {Provided by the SAO/NASA Astrophysics Data System},
 adsurl = {http://adsabs.harvard.edu/abs/2013Natur.493..191C},
 archiveprefix = {arXiv},
 author = {{Casassus}, S. and {van der Plas}, G. and {M}, S.~P. and {Dent}, W.~R.~F. and
{Fomalont}, E. and {Hagelberg}, J. and {Hales}, A. and {Jord{\'a}n}, A. and
{Mawet}, D. and {M{\'e}nard}, F. and {Wootten}, A. and {Wilner}, D. and
{Hughes}, A.~M. and {Schreiber}, M.~R. and {Girard}, J.~H. and
{Ercolano}, B. and {Canovas}, H. and {Rom{\'a}n}, P.~E. and
{Salinas}, V.},
 eprint = {1305.6062},
 journal = {\nat},
 month = {jan},
 pages = {191-194},
 primaryclass = {astro-ph.GA},
 title = {Flows of gas through a protoplanetary gap},
 volume = {493},
 year = {2013}
}

@article{2013Sci...340.1199V,
 adsnote = {Provided by the SAO/NASA Astrophysics Data System},
 adsurl = {http://adsabs.harvard.edu/abs/2013Sci...340.1199V},
 archiveprefix = {arXiv},
 author = {{van der Marel}, N. and {van Dishoeck}, E.~F. and {Bruderer}, S. and
{Birnstiel}, T. and {Pinilla}, P. and {Dullemond}, C.~P. and
{van Kempen}, T.~A. and {Schmalzl}, M. and {Brown}, J.~M. and
{Herczeg}, G.~J. and {Mathews}, G.~S. and {Geers}, V.},
 eprint = {1306.1768},
 journal = {Science},
 month = {jun},
 pages = {1199-1202},
 primaryclass = {astro-ph.EP},
 title = {A Major Asymmetric Dust Trap in a Transition Disk},
 volume = {340},
 year = {2013}
}

@article{2014A&A...564A..72K,
 adsnote = {Provided by the SAO/NASA Astrophysics Data System},
 adsurl = {http://adsabs.harvard.edu/abs/2014A%26A...564A..72K},
 archiveprefix = {arXiv},
 author = {{Kley}, W. and {Haghighipour}, N.},
 eid = {A72},
 eprint = {1401.7648},
 journal = {\aap},
 keyword = {planet-disk interactions, binaries: general, hydrodynamics},
 month = {apr},
 pages = {A72},
 primaryclass = {astro-ph.EP},
 title = {Modeling circumbinary planets: The case of Kepler-38},
 volume = {564},
 year = {2014}
}

@article{2014A&A...568A..18M,
 adsnote = {Provided by the SAO/NASA Astrophysics Data System},
 adsurl = {http://adsabs.harvard.edu/abs/2014A%26A...568A..18M},
 archiveprefix = {arXiv},
 author = {{Manara}, C.~F. and {Testi}, L. and {Natta}, A. and {Rosotti}, G. and
{Benisty}, M. and {Ercolano}, B. and {Ricci}, L.},
 eid = {A18},
 eprint = {1406.1428},
 journal = {\aap},
 keyword = {stars: pre-main sequence, stars: formation, protoplanetary disks, accretion, accretion disks},
 month = {aug},
 pages = {A18},
 primaryclass = {astro-ph.SR},
 title = {Gas content of transitional disks: a VLT/X-Shooter study of accretion and winds},
 volume = {568},
 year = {2014}
}

@article{2014A&A...572A..78D,
 adsnote = {Provided by the SAO/NASA Astrophysics Data System},
 adsurl = {http://adsabs.harvard.edu/abs/2014A%26A...572A..78D},
 archiveprefix = {arXiv},
 author = {{Dr{\c a}{\.z}kowska}, J. and {Dullemond}, C.~P.},
 eid = {A78},
 eprint = {1410.3832},
 journal = {\aap},
 keyword = {accretion, accretion disks, circumstellar matter, planets and satellites: formation, protoplanetary disks, methods: numerical},
 month = {dec},
 pages = {A78},
 primaryclass = {astro-ph.EP},
 title = {Can dust coagulation trigger streaming instability?},
 volume = {572},
 year = {2014}
}

@article{2014A&A...572A.116P,
 adsnote = {Provided by the SAO/NASA Astrophysics Data System},
 adsurl = {http://adsabs.harvard.edu/abs/2014A%26A...572A.116P},
 author = {{Preibisch}, T. and {Zeidler}, P. and {Ratzka}, T. and {Roccatagliata}, V. and
{Petr-Gotzens}, M.~G.},
 eid = {A116},
 journal = {\aap},
 keyword = {stars: formation, stars: pre-main sequence, open clusters and associations: individual: NGC 3324, ISM: individual objects: Gum 31, ISM: individual objects: NGC 3372},
 month = {dec},
 pages = {A116},
 title = {The VISTA Carina Nebula Survey . I. Introduction and source catalog},
 volume = {572},
 year = {2014}
}

@article{2014ApJ...780...53C,
 adsnote = {Provided by the SAO/NASA Astrophysics Data System},
 adsurl = {http://adsabs.harvard.edu/abs/2014ApJ...780...53C},
 archiveprefix = {arXiv},
 author = {{Chatterjee}, S. and {Tan}, J.~C.},
 eid = {53},
 eprint = {1306.0576},
 journal = {\apj},
 keyword = {methods: analytical, planets and satellites: formation, planets and satellites: general, protoplanetary disks},
 month = {jan},
 pages = {53},
 primaryclass = {astro-ph.EP},
 title = {Inside-out Planet Formation},
 volume = {780},
 year = {2014}
}

@article{2014ApJ...780..153B,
 adsnote = {Provided by the SAO/NASA Astrophysics Data System},
 adsurl = {http://adsabs.harvard.edu/abs/2014ApJ...780..153B},
 archiveprefix = {arXiv},
 author = {{Birnstiel}, T. and {Andrews}, S.~M.},
 eid = {153},
 eprint = {1311.5222},
 journal = {\apj},
 keyword = {accretion, accretion disks, circumstellar matter, planets and satellites: formation, protoplanetary disks},
 month = {jan},
 pages = {153},
 primaryclass = {astro-ph.EP},
 title = {On the Outer Edges of Protoplanetary Dust Disks},
 volume = {780},
 year = {2014}
}

@article{2014ApJ...781...87A,
 adsnote = {Provided by the SAO/NASA Astrophysics Data System},
 adsurl = {http://adsabs.harvard.edu/abs/2014ApJ...781...87A},
 archiveprefix = {arXiv},
 author = {{Avenhaus}, H. and {Quanz}, S.~P. and {Schmid}, H.~M. and {Meyer}, M.~R. and
{Garufi}, A. and {Wolf}, S. and {Dominik}, C.},
 eid = {87},
 eprint = {1311.7088},
 journal = {\apj},
 keyword = {planet-disk interactions, protoplanetary disks, stars: formation, stars: individual: HD142527, stars: pre-main sequence},
 month = {feb},
 pages = {87},
 primaryclass = {astro-ph.SR},
 title = {Structures in the Protoplanetary Disk of HD142527 Seen in Polarized Scattered Light},
 volume = {781},
 year = {2014}
}

@article{2014ApJ...786...33Q,
 adsnote = {Provided by the SAO/NASA Astrophysics Data System},
 adsurl = {http://adsabs.harvard.edu/abs/2014ApJ...786...33Q},
 archiveprefix = {arXiv},
 author = {{Quintana}, E.~V. and {Lissauer}, J.~J.},
 eid = {33},
 eprint = {1403.5084},
 journal = {\apj},
 keyword = {astrobiology, planets and satellites: composition, planets and satellites: dynamical evolution and stability, planets and satellites: formation, planets and satellites: terrestrial planets},
 month = {may},
 pages = {33},
 primaryclass = {astro-ph.EP},
 title = {The Effect of Planets Beyond the Ice Line on the Accretion of Volatiles by Habitable-zone Rocky Planets},
 volume = {786},
 year = {2014}
}

@article{2014MNRAS.439..256E,
 adsnote = {Provided by the SAO/NASA Astrophysics Data System},
 adsurl = {http://adsabs.harvard.edu/abs/2014MNRAS.439..256E},
 archiveprefix = {arXiv},
 author = {{Ercolano}, B. and {Mayr}, D. and {Owen}, J.~E. and {Rosotti}, G. and
{Manara}, C.~F.},
 eprint = {1312.3154},
 journal = {\mnras},
 keyword = {radiative transfer, protoplanetary discs, dust, extinction, infrared: stars},
 month = {mar},
 pages = {256-263},
 primaryclass = {astro-ph.SR},
 title = {The dot$\{$M$\}$-M\_* relation of pre-main-sequence stars: a consequence of X-ray driven disc evolution},
 volume = {439},
 year = {2014}
}

@article{2014prpl.conf..339T,
 adsnote = {Provided by the SAO/NASA Astrophysics Data System},
 adsurl = {http://adsabs.harvard.edu/abs/2014prpl.conf..339T},
 archiveprefix = {arXiv},
 author = {{Testi}, L. and {Birnstiel}, T. and {Ricci}, L. and {Andrews}, S. and
{Blum}, J. and {Carpenter}, J. and {Dominik}, C. and {Isella}, A. and
{Natta}, A. and {Williams}, J.~P. and {Wilner}, D.~J.},
 eprint = {1402.1354},
 journal = {Protostars and Planets VI},
 pages = {339-361},
 primaryclass = {astro-ph.SR},
 title = {Dust Evolution in Protoplanetary Disks},
 year = {2014}
}

@article{2015A&A...574A..81R,
 adsnote = {Provided by the SAO/NASA Astrophysics Data System},
 adsurl = {http://adsabs.harvard.edu/abs/2015A%26A...574A..81R},
 archiveprefix = {arXiv},
 author = {{Ramsey}, J.~P. and {Dullemond}, C.~P.},
 eid = {A81},
 eprint = {1409.3011},
 journal = {\aap},
 keyword = {accretion, accretion disks, protoplanetary disks, hydrodynamics, methods: numerical, radiative transfer},
 month = {feb},
 pages = {A81},
 primaryclass = {astro-ph.IM},
 title = {Radiation hydrodynamics including irradiation and adaptive mesh refinement with AZEuS. I. Methods},
 volume = {574},
 year = {2015}
}

@article{2015A&A...578L...6B,
 adsnote = {Provided by the SAO/NASA Astrophysics Data System},
 adsurl = {http://adsabs.harvard.edu/abs/2015A%26A...578L...6B},
 archiveprefix = {arXiv},
 author = {{Benisty}, M. and {Juhasz}, A. and {Boccaletti}, A. and {Avenhaus}, H. and
{Milli}, J. and {Thalmann}, C. and {Dominik}, C. and {Pinilla}, P. and
{Buenzli}, E. and {Pohl}, A. and {Beuzit}, J.-L. and {Birnstiel}, T. and
{de Boer}, J. and {Bonnefoy}, M. and {Chauvin}, G. and {Christiaens}, V. and
{Garufi}, A. and {Grady}, C. and {Henning}, T. and {Huelamo}, N. and
{Isella}, A. and {Langlois}, M. and {M{\'e}nard}, F. and {Mouillet}, D. and
{Olofsson}, J. and {Pantin}, E. and {Pinte}, C. and {Pueyo}, L.},
 eid = {L6},
 eprint = {1505.05325},
 journal = {\aap},
 keyword = {techniques: high angular resolution, protoplanetary disks},
 month = {jun},
 pages = {L6},
 primaryclass = {astro-ph.SR},
 title = {Asymmetric features in the protoplanetary disk MWC 758},
 volume = {578},
 year = {2015}
}

@article{2015A&A...584A.110P,
 adsnote = {Provided by the SAO/NASA Astrophysics Data System},
 adsurl = {http://adsabs.harvard.edu/abs/2015A%26A...584A.110P},
 archiveprefix = {arXiv},
 author = {{Picogna}, G. and {Kley}, W.},
 eid = {A110},
 eprint = {1510.01498},
 journal = {\aap},
 keyword = {accretion, accretion disks, hydrodynamics, planet-disk interactions, protoplanetary disks, stars: pre-main sequence},
 month = {dec},
 pages = {A110},
 primaryclass = {astro-ph.EP},
 title = {How do giant planetary cores shape the dust disk?. HL Tauri system},
 volume = {584},
 year = {2015}
}

@article{2015ApJ...798L..32C,
 adsnote = {Provided by the SAO/NASA Astrophysics Data System},
 adsurl = {http://adsabs.harvard.edu/abs/2015ApJ...798L..32C},
 archiveprefix = {arXiv},
 author = {{Chatterjee}, S. and {Tan}, J.~C.},
 eid = {L32},
 eprint = {1411.2629},
 journal = {\apjl},
 keyword = {methods: analytical, planets and satellites: formation, planets and satellites: general, protoplanetary disks},
 month = {jan},
 pages = {L32},
 primaryclass = {astro-ph.EP},
 title = {Vulcan Planets: Inside-out Formation of the Innermost Super-Earths},
 volume = {798},
 year = {2015}
}

@article{2015ApJ...798L..44M,
 adsnote = {Provided by the SAO/NASA Astrophysics Data System},
 adsurl = {http://adsabs.harvard.edu/abs/2015ApJ...798L..44M},
 archiveprefix = {arXiv},
 author = {{Marino}, S. and {Perez}, S. and {Casassus}, S.},
 eid = {L44},
 eprint = {1412.4632},
 journal = {\apjl},
 keyword = {planet-disk interactions, protoplanetary disks, stars: individual: HD 142527},
 month = {jan},
 pages = {L44},
 primaryclass = {astro-ph.EP},
 title = {Shadows Cast by a Warp in the HD 142527 Protoplanetary Disk},
 volume = {798},
 year = {2015}
}

@article{2015ApJ...803L..10R,
 adsnote = {Provided by the SAO/NASA Astrophysics Data System},
 adsurl = {http://adsabs.harvard.edu/abs/2015ApJ...803L..10R},
 archiveprefix = {arXiv},
 author = {{Rapson}, V.~A. and {Kastner}, J.~H. and {Andrews}, S.~M. and
{Hines}, D.~C. and {Macintosh}, B. and {Millar-Blanchaer}, M. and
{Tamura}, M.},
 eid = {L10},
 eprint = {1503.06192},
 journal = {\apjl},
 keyword = {circumstellar matter, polarization, stars: individual: V4046 Sgr, stars: pre-main sequence},
 month = {apr},
 pages = {L10},
 primaryclass = {astro-ph.SR},
 title = {Scattered Light from Dust in the Cavity of the V4046 Sgr Transition Disk},
 volume = {803},
 year = {2015}
}

@article{2015ApJ...804...29G,
 adsnote = {Provided by the SAO/NASA Astrophysics Data System},
 adsurl = {http://adsabs.harvard.edu/abs/2015ApJ...804...29G},
 archiveprefix = {arXiv},
 author = {{Gorti}, U. and {Hollenbach}, D. and {Dullemond}, C.~P.},
 eid = {29},
 eprint = {1502.07369},
 journal = {\apj},
 keyword = {planets and satellites: formation, protoplanetary disks, stars: formation, stars: winds, outflows},
 month = {may},
 pages = {29},
 primaryclass = {astro-ph.EP},
 title = {The Impact of Dust Evolution and Photoevaporation on Disk Dispersal},
 volume = {804},
 year = {2015}
}

@article{2015ApJ...807L..11D,
 adsnote = {Provided by the SAO/NASA Astrophysics Data System},
 adsurl = {http://adsabs.harvard.edu/abs/2015ApJ...807L..11D},
 archiveprefix = {arXiv},
 author = {{Duffell}, P.~C.},
 eid = {L11},
 eprint = {1505.03514},
 journal = {\apjl},
 keyword = {hydrodynamics, planet-disk interactions, planets and satellites: formation, protoplanetary disks},
 month = {jul},
 pages = {L11},
 primaryclass = {astro-ph.EP},
 title = {A Simple Analytical Model for Gaps in Protoplanetary Disks},
 volume = {807},
 year = {2015}
}

@article{2015ApJ...808L...3A,
 adsnote = {Provided by the SAO/NASA Astrophysics Data System},
 adsurl = {http://adsabs.harvard.edu/abs/2015ApJ...808L...3A},
 archiveprefix = {arXiv},
 author = {{ALMA Partnership} and {Brogan}, C.~L. and {P{\'e}rez}, L.~M. and
{Hunter}, T.~R. and {Dent}, W.~R.~F. and {Hales}, A.~S. and
{Hills}, R.~E. and {Corder}, S. and {Fomalont}, E.~B. and {Vlahakis}, C. and
{Asaki}, Y. and {Barkats}, D. and {Hirota}, A. and {Hodge}, J.~A. and
{Impellizzeri}, C.~M.~V. and {Kneissl}, R. and {Liuzzo}, E. and
{Lucas}, R. and {Marcelino}, N. and {Matsushita}, S. and {Nakanishi}, K. and
{Phillips}, N. and {Richards}, A.~M.~S. and {Toledo}, I. and
{Aladro}, R. and {Broguiere}, D. and {Cortes}, J.~R. and {Cortes}, P.~C. and
{Espada}, D. and {Galarza}, F. and {Garcia-Appadoo}, D. and
{Guzman-Ramirez}, L. and {Humphreys}, E.~M. and {Jung}, T. and
{Kameno}, S. and {Laing}, R.~A. and {Leon}, S. and {Marconi}, G. and
{Mignano}, A. and {Nikolic}, B. and {Nyman}, L.-A. and {Radiszcz}, M. and
{Remijan}, A. and {Rod{\'o}n}, J.~A. and {Sawada}, T. and {Takahashi}, S. and
{Tilanus}, R.~P.~J. and {Vila Vilaro}, B. and {Watson}, L.~C. and
{Wiklind}, T. and {Akiyama}, E. and {Chapillon}, E. and {de Gregorio-Monsalvo}, I. and
{Di Francesco}, J. and {Gueth}, F. and {Kawamura}, A. and {Lee}, C.-F. and
{Nguyen Luong}, Q. and {Mangum}, J. and {Pietu}, V. and {Sanhueza}, P. and
{Saigo}, K. and {Takakuwa}, S. and {Ubach}, C. and {van Kempen}, T. and
{Wootten}, A. and {Castro-Carrizo}, A. and {Francke}, H. and
{Gallardo}, J. and {Garcia}, J. and {Gonzalez}, S. and {Hill}, T. and
{Kaminski}, T. and {Kurono}, Y. and {Liu}, H.-Y. and {Lopez}, C. and
{Morales}, F. and {Plarre}, K. and {Schieven}, G. and {Testi}, L. and
{Videla}, L. and {Villard}, E. and {Andreani}, P. and {Hibbard}, J.~E. and
{Tatematsu}, K.},
 eid = {L3},
 eprint = {1503.02649},
 journal = {\apjl},
 keyword = {protoplanetary disks, stars: formation, stars: individual: HL Tau, XZ Tau, LkH{$\alpha$}358, submillimeter: planetary systems, techniques: interferometric},
 month = {jul},
 pages = {L3},
 primaryclass = {astro-ph.SR},
 title = {The 2014 ALMA Long Baseline Campaign: First Results from High Angular Resolution Observations toward the HL Tau Region},
 volume = {808},
 year = {2015}
}

@article{2015ApJ...812..135I,
 adsnote = {Provided by the SAO/NASA Astrophysics Data System},
 adsurl = {http://adsabs.harvard.edu/abs/2015ApJ...812..135I},
 archiveprefix = {arXiv},
 author = {{Ivlev}, A.~V. and {Padovani}, M. and {Galli}, D. and {Caselli}, P.},
 eid = {135},
 eprint = {1507.00692},
 journal = {\apj},
 keyword = {cosmic rays, dust, extinction, ISM: clouds},
 month = {oct},
 pages = {135},
 title = {Interstellar Dust Charging in Dense Molecular Clouds: Cosmic Ray Effects},
 volume = {812},
 year = {2015}
}

@article{2015ApJ...813L...2W,
 adsnote = {Provided by the SAO/NASA Astrophysics Data System},
 adsurl = {http://adsabs.harvard.edu/abs/2015ApJ...813L...2W},
 archiveprefix = {arXiv},
 author = {{Wagner}, K. and {Apai}, D. and {Kasper}, M. and {Robberto}, M.},
 eid = {L2},
 eprint = {1510.02212},
 journal = {\apjl},
 keyword = {planet{\ndash}disk interactions, planetary systems, protoplanetary disks, stars: individual: HD 100453, stars: variables: T Tauri, Herbig Ae/Be},
 month = {nov},
 pages = {L2},
 primaryclass = {astro-ph.EP},
 title = {Discovery of a Two-armed Spiral Structure in the Gapped Disk around Herbig Ae Star HD 100453},
 volume = {813},
 year = {2015}
}

@article{2015ApJS..217...31M,
 adsnote = {Provided by the SAO/NASA Astrophysics Data System},
 adsurl = {http://adsabs.harvard.edu/abs/2015ApJS..217...31M},
 archiveprefix = {arXiv},
 author = {{Mullally}, F. and {Coughlin}, J.~L. and {Thompson}, S.~E. and
{Rowe}, J. and {Burke}, C. and {Latham}, D.~W. and {Batalha}, N.~M. and
{Bryson}, S.~T. and {Christiansen}, J. and {Henze}, C.~E. and
{Ofir}, A. and {Quarles}, B. and {Shporer}, A. and {Van Eylen}, V. and
{Van Laerhoven}, C. and {Shah}, Y. and {Wolfgang}, A. and {Chaplin}, W.~J. and
{Xie}, J.-W. and {Akeson}, R. and {Argabright}, V. and {Bachtell}, E. and
{Barclay}, T. and {Borucki}, W.~J. and {Caldwell}, D.~A. and
{Campbell}, J.~R. and {Catanzarite}, J.~H. and {Cochran}, W.~D. and
{Duren}, R.~M. and {Fleming}, S.~W. and {Fraquelli}, D. and
{Girouard}, F.~R. and {Haas}, M.~R. and {He{\l}miniak}, K.~G. and
{Howell}, S.~B. and {Huber}, D. and {Larson}, K. and {Gautier}, III, T.~N. and
{Jenkins}, J.~M. and {Li}, J. and {Lissauer}, J.~J. and {McArthur}, S. and
{Miller}, C. and {Morris}, R.~L. and {Patil-Sabale}, A. and
{Plavchan}, P. and {Putnam}, D. and {Quintana}, E.~V. and {Ramirez}, S. and
{Silva Aguirre}, V. and {Seader}, S. and {Smith}, J.~C. and
{Steffen}, J.~H. and {Stewart}, C. and {Stober}, J. and {Still}, M. and
{Tenenbaum}, P. and {Troeltzsch}, J. and {Twicken}, J.~D. and
{Zamudio}, K.~A.},
 eid = {31},
 eprint = {1502.02038},
 journal = {\apjs},
 keyword = {catalogs, eclipses, planetary systems},
 month = {apr},
 pages = {31},
 primaryclass = {astro-ph.EP},
 title = {Planetary Candidates Observed by Kepler. VI. Planet Sample from Q1--Q16 (47 Months)},
 volume = {217},
 year = {2015}
}

@article{2015MNRAS.450.3008E,
 adsnote = {Provided by the SAO/NASA Astrophysics Data System},
 adsurl = {http://adsabs.harvard.edu/abs/2015MNRAS.450.3008E},
 archiveprefix = {arXiv},
 author = {{Ercolano}, B. and {Rosotti}, G.},
 eprint = {1504.03433},
 journal = {\mnras},
 keyword = {planet-disc interactions},
 month = {jul},
 pages = {3008-3014},
 primaryclass = {astro-ph.EP},
 title = {The link between disc dispersal by photoevaporation and the semimajor axis distribution of exoplanets},
 volume = {450},
 year = {2015}
}

@article{2015MNRAS.452.3689E,
 adsnote = {Provided by the SAO/NASA Astrophysics Data System},
 adsurl = {http://adsabs.harvard.edu/abs/2015MNRAS.452.3689E},
 archiveprefix = {arXiv},
 author = {{Ercolano}, B. and {Koepferl}, C. and {Owen}, J. and {Robitaille}, T.},
 eprint = {1507.01935},
 journal = {\mnras},
 keyword = {protoplanetary discs},
 month = {oct},
 pages = {3689-3695},
 primaryclass = {astro-ph.EP},
 title = {Far-infrared signatures and inner hole sizes of protoplanetary discs undergoing inside-out dust dispersal},
 volume = {452},
 year = {2015}
}

@article{2015MNRAS.453.1147E,
 adsnote = {Provided by the SAO/NASA Astrophysics Data System},
 adsurl = {http://adsabs.harvard.edu/abs/2015MNRAS.453.1147E},
 archiveprefix = {arXiv},
 author = {{Evans}, M.~G. and {Ilee}, J.~D. and {Boley}, A.~C. and {Caselli}, P. and
{Durisen}, R.~H. and {Hartquist}, T.~W. and {Rawlings}, J.~M.~C.},
 eprint = {1508.00773},
 journal = {\mnras},
 keyword = {astrochemistry, protoplanetary discs, circumstellar matter, stars: pre-main-sequence},
 month = {oct},
 pages = {1147-1163},
 primaryclass = {astro-ph.EP},
 title = {Gravitational instabilities in a protosolar-like disc - I. Dynamics and chemistry},
 volume = {453},
 year = {2015}
}

@article{2015MNRAS.454.2173R,
 adsnote = {Provided by the SAO/NASA Astrophysics Data System},
 adsurl = {http://adsabs.harvard.edu/abs/2015MNRAS.454.2173R},
 archiveprefix = {arXiv},
 author = {{Rosotti}, G.~P. and {Ercolano}, B. and {Owen}, J.~E.},
 eprint = {1509.04278},
 journal = {\mnras},
 keyword = {hydrodynamics, planet-disc interactions, protoplanetary discs},
 month = {dec},
 pages = {2173-2182},
 primaryclass = {astro-ph.EP},
 title = {The long-term evolution of photoevaporating transition discs with giant planets},
 volume = {454},
 year = {2015}
}

@article{2015PASJ...67...83M,
 adsnote = {Provided by the SAO/NASA Astrophysics Data System},
 adsurl = {http://adsabs.harvard.edu/abs/2015PASJ...67...83M},
 archiveprefix = {arXiv},
 author = {{Momose}, M. and {Morita}, A. and {Fukagawa}, M. and {Muto}, T. and
{Takeuchi}, T. and {Hashimoto}, J. and {Honda}, M. and {Kudo}, T. and
{Okamoto}, Y.~K. and {Kanagawa}, K.~D. and {Tanaka}, H. and
{Grady}, C.~A. and {Sitko}, M.~L. and {Akiyama}, E. and {Currie}, T. and
{Follette}, K.~B. and {Mayama}, S. and {Kusakabe}, N. and {Abe}, L. and
{Brandner}, W. and {Brandt}, T.~D. and {Carson}, J.~C. and {Egner}, S. and
{Feldt}, M. and {Goto}, M. and {Guyon}, O. and {Hayano}, Y. and
{Hayashi}, M. and {Hayashi}, S.~S. and {Henning}, T. and {Hodapp}, K.~W. and
{Ishii}, M. and {Iye}, M. and {Janson}, M. and {Kandori}, R. and
{Knapp}, G.~R. and {Kuzuhara}, M. and {Kwon}, J. and {Matsuo}, T. and
{McElwain}, M.~W. and {Miyama}, S. and {Morino}, J.-I. and {Moro-Martin}, A. and
{Nishimura}, T. and {Pyo}, T.-S. and {Serabyn}, E. and {Suenaga}, T. and
{Suto}, H. and {Suzuki}, R. and {Takahashi}, Y.~H. and {Takami}, M. and
{Takato}, N. and {Terada}, H. and {Thalmann}, C. and {Tomono}, D. and
{Turner}, E.~L. and {Watanabe}, M. and {Wisniewski}, J. and
{Yamada}, T. and {Takami}, H. and {Usuda}, T. and {Tamura}, M.},
 eid = {83},
 eprint = {1505.04937},
 journal = {\pasj},
 keyword = {infrared: planetary systems, planet-disk interactions, protoplanetary disks, stars: individual (HD 169142), stars: pre-main-sequence},
 month = {oct},
 pages = {83},
 primaryclass = {astro-ph.SR},
 title = {Detailed structure of the outer disk around HD 169142 with polarized light in H-band},
 volume = {67},
 year = {2015}
}

@article{2016A&A...585A..35P,
 adsnote = {Provided by the SAO/NASA Astrophysics Data System},
 adsurl = {http://adsabs.harvard.edu/abs/2016A%26A...585A..35P},
 archiveprefix = {arXiv},
 author = {{Pinilla}, P. and {Klarmann}, L. and {Birnstiel}, T. and {Benisty}, M. and
{Dominik}, C. and {Dullemond}, C.~P.},
 eid = {A35},
 eprint = {1511.04105},
 journal = {\aap},
 keyword = {protoplanetary disks},
 month = {jan},
 pages = {A35},
 primaryclass = {astro-ph.EP},
 title = {A tunnel and a traffic jam: How transition disks maintain a detectable warm dust component despite the presence of a large planet-carved gap},
 volume = {585},
 year = {2016}
}

@article{2016A&A...585A..58V,
 adsnote = {Provided by the SAO/NASA Astrophysics Data System},
 adsurl = {http://adsabs.harvard.edu/abs/2016A%26A...585A..58V},
 archiveprefix = {arXiv},
 author = {{van der Marel}, N. and {van Dishoeck}, E.~F. and {Bruderer}, S. and
{Andrews}, S.~M. and {Pontoppidan}, K.~M. and {Herczeg}, G.~J. and
{van Kempen}, T. and {Miotello}, A.},
 eid = {A58},
 eprint = {1511.07149},
 journal = {\aap},
 keyword = {astrochemistry, stars: formation, protoplanetary disks, ISM: molecules},
 month = {jan},
 pages = {A58},
 primaryclass = {astro-ph.EP},
 title = {Resolved gas cavities in transitional disks inferred from CO isotopologs with ALMA},
 volume = {585},
 year = {2016}
}

@article{2016A&A...588A..53T,
 adsnote = {Provided by the SAO/NASA Astrophysics Data System},
 adsurl = {http://adsabs.harvard.edu/abs/2016A%26A...588A..53T},
 archiveprefix = {arXiv},
 author = {{Tazzari}, M. and {Testi}, L. and {Ercolano}, B. and {Natta}, A. and
{Isella}, A. and {Chandler}, C.~J. and {P{\'e}rez}, L.~M. and
{Andrews}, S. and {Wilner}, D.~J. and {Ricci}, L. and {Henning}, T. and
{Linz}, H. and {Kwon}, W. and {Corder}, S.~A. and {Dullemond}, C.~P. and
{Carpenter}, J.~M. and {Sargent}, A.~I. and {Mundy}, L. and
{Storm}, S. and {Calvet}, N. and {Greaves}, J.~A. and {Lazio}, J. and
{Deller}, A.~T.},
 eid = {A53},
 eprint = {1512.05679},
 journal = {\aap},
 keyword = {stars: formation, planetary systems, protoplanetary disks},
 month = {apr},
 pages = {A53},
 title = {Multiwavelength analysis for interferometric (sub-)mm observations of protoplanetary disks. Radial constraints on the dust properties and the disk structure},
 volume = {588},
 year = {2016}
}

@article{2016A&A...591L...3M,
 adsnote = {Provided by the SAO/NASA Astrophysics Data System},
 adsurl = {http://adsabs.harvard.edu/abs/2016A%26A...591L...3M},
 archiveprefix = {arXiv},
 author = {{Manara}, C.~F. and {Rosotti}, G. and {Testi}, L. and {Natta}, A. and
{Alcal{\'a}}, J.~M. and {Williams}, J.~P. and {Ansdell}, M. and
{Miotello}, A. and {van der Marel}, N. and {Tazzari}, M. and
{Carpenter}, J. and {Guidi}, G. and {Mathews}, G.~S. and {Oliveira}, I. and
{Prusti}, T. and {van Dishoeck}, E.~F.},
 eid = {L3},
 eprint = {1605.03050},
 journal = {\aap},
 keyword = {accretion, accretion disks, protoplanetary disks, stars: pre-main sequence, stars: variables: T Tauri, Herbig Ae/Be},
 month = {jun},
 pages = {L3},
 primaryclass = {astro-ph.SR},
 title = {Evidence for a correlation between mass accretion rates onto young stars and the mass of their protoplanetary disks},
 volume = {591},
 year = {2016}
}

@article{2016A&A...595A.112G,
 adsnote = {Provided by the SAO/NASA Astrophysics Data System},
 adsurl = {http://adsabs.harvard.edu/abs/2016A%26A...595A.112G},
 archiveprefix = {arXiv},
 author = {{Ginski}, C. and {Stolker}, T. and {Pinilla}, P. and {Dominik}, C. and
{Boccaletti}, A. and {de Boer}, J. and {Benisty}, M. and {Biller}, B. and
{Feldt}, M. and {Garufi}, A. and {Keller}, C.~U. and {Kenworthy}, M. and
{Maire}, A.~L. and {M{\'e}nard}, F. and {Mesa}, D. and {Milli}, J. and
{Min}, M. and {Pinte}, C. and {Quanz}, S.~P. and {van Boekel}, R. and
{Bonnefoy}, M. and {Chauvin}, G. and {Desidera}, S. and {Gratton}, R. and
{Girard}, J.~H.~V. and {Keppler}, M. and {Kopytova}, T. and
{Lagrange}, A.-M. and {Langlois}, M. and {Rouan}, D. and {Vigan}, A.},
 eid = {A112},
 eprint = {1609.04027},
 journal = {\aap},
 keyword = {stars: individual: HD 97048, protoplanetary disks, planet-disk interactions, techniques: polarimetric},
 month = {nov},
 pages = {A112},
 primaryclass = {astro-ph.EP},
 title = {Direct detection of scattered light gaps in the transitional disk around HD 97048 with VLT/SPHERE},
 volume = {595},
 year = {2016}
}

@article{2016A&A...595A.113S,
 adsnote = {Provided by the SAO/NASA Astrophysics Data System},
 adsurl = {http://adsabs.harvard.edu/abs/2016A%26A...595A.113S},
 archiveprefix = {arXiv},
 author = {{Stolker}, T. and {Dominik}, C. and {Avenhaus}, H. and {Min}, M. and
{de Boer}, J. and {Ginski}, C. and {Schmid}, H.~M. and {Juhasz}, A. and
{Bazzon}, A. and {Waters}, L.~B.~F.~M. and {Garufi}, A. and
{Augereau}, J.-C. and {Benisty}, M. and {Boccaletti}, A. and
{Henning}, T. and {Langlois}, M. and {Maire}, A.-L. and {M{\'e}nard}, F. and
{Meyer}, M.~R. and {Pinte}, C. and {Quanz}, S.~P. and {Thalmann}, C. and
{Beuzit}, J.-L. and {Carbillet}, M. and {Costille}, A. and {Dohlen}, K. and
{Feldt}, M. and {Gisler}, D. and {Mouillet}, D. and {Pavlov}, A. and
{Perret}, D. and {Petit}, C. and {Pragt}, J. and {Rochat}, S. and
{Roelfsema}, R. and {Salasnich}, B. and {Soenke}, C. and {Wildi}, F.},
 eid = {A113},
 eprint = {1603.00481},
 journal = {\aap},
 keyword = {protoplanetary disks, planet-disk interactions, stars: individual: HD 135344B (SAO 206462), methods: observational, instrumentation: high angular resolution, techniques: polarimetric},
 month = {nov},
 pages = {A113},
 primaryclass = {astro-ph.EP},
 title = {Shadows cast on the transition disk of HD 135344B. Multiwavelength VLT/SPHERE polarimetric differential imaging},
 volume = {595},
 year = {2016}
}

@article{2016AJ....152..222A,
 adsnote = {Provided by the SAO/NASA Astrophysics Data System},
 adsurl = {http://adsabs.harvard.edu/abs/2016AJ....152..222A},
 archiveprefix = {arXiv},
 author = {{Akiyama}, E. and {Hashimoto}, J. and {baobabu Liu}, H. and
{i-hsiu Li}, J. and {Bonnefoy}, M. and {Dong}, R. and {Hasegawa}, Y. and
{Henning}, T. and {Sitko}, M.~L. and {Janson}, M. and {Feldt}, M. and
{Wisniewski}, J. and {Kudo}, T. and {Kusakabe}, N. and {Tsukagoshi}, T. and
{Momose}, M. and {Muto}, T. and {Taki}, T. and {Kuzuhara}, M. and
{Satoshi}, M. and {Takami}, M. and {Ohashi}, N. and {Grady}, C.~A. and
{Kwon}, J. and {Thalmann}, C. and {Abe}, L. and {Brandner}, W. and
{Brandt}, T.~D. and {Carson}, J.~C. and {Egner}, S. and {Goto}, M. and
{Guyon}, O. and {Hayano}, Y. and {Hayashi}, M. and {Hayashi}, S.~S. and
{Hodapp}, K.~W. and {Ishii}, M. and {Iye}, M. and {Knapp}, G.~R. and
{Kandori}, R. and {Matsuo}, T. and {Mcelwain}, M.~W. and {Miyama}, S. and
{Morino}, J.-I. and {Moro-Martin}, A. and {Nishimura}, T. and
{Pyo}, T.-S. and {Serabyn}, E. and {Suenaga}, T. and {Suto}, H. and
{Suzuki}, R. and {Takahashi}, Y.~H. and {Takato}, N. and {Terada}, H. and
{Tomono}, D. and {Turner}, E.~L. and {Watanabe}, M. and {Yamada}, T. and
{Takami}, H. and {Usuda}, T. and {Tamura}, M.},
 eid = {222},
 eprint = {1607.04708},
 journal = {\aj},
 keyword = {planetary systems, stars: pre-main sequence, stars: individual: LkH{$\alpha$} 330, techniques: interferometric},
 month = {dec},
 pages = {222},
 primaryclass = {astro-ph.EP},
 title = {Spiral Structure and Differential Dust Size Distribution in the LKH{$\alpha$} 330 Disk},
 volume = {152},
 year = {2016}
}

@article{2016ApJ...818L..15W,
 adsnote = {Provided by the SAO/NASA Astrophysics Data System},
 adsurl = {http://adsabs.harvard.edu/abs/2016ApJ...818L..15W},
 archiveprefix = {arXiv},
 author = {{Wolff}, S.~G. and {Perrin}, M. and {Millar-Blanchaer}, M.~A. and
{Nielsen}, E.~L. and {Wang}, J. and {Cardwell}, A. and {Chilcote}, J. and
{Dong}, R. and {Draper}, Z.~H. and {Duch{\^e}ne}, G. and {Fitzgerald}, M.~P. and
{Goodsell}, S.~J. and {Grady}, C.~A. and {Graham}, J.~R. and
{Greenbaum}, A.~Z. and {Hartung}, M. and {Hibon}, P. and {Hines}, D.~C. and
{Hung}, L.-W. and {Kalas}, P. and {Macintosh}, B. and {Marchis}, F. and
{Marois}, C. and {Pueyo}, L. and {Rantakyr{\"o}}, F.~T. and
{Schneider}, G. and {Sivaramakrishnan}, A. and {Wiktorowicz}, S.~J.},
 eid = {L15},
 eprint = {1601.07248},
 journal = {\apjl},
 keyword = {instrumentation: adaptive optics, protoplanetary disks, stars: individual: PDS 66, techniques: high angular resolution, techniques: polarimetric},
 month = {feb},
 pages = {L15},
 primaryclass = {astro-ph.EP},
 title = {The PDS 66 Circumstellar Disk as Seen in Polarized Light with the Gemini Planet Imager},
 volume = {818},
 year = {2016}
}

@article{2016ApJ...820...54K,
 adsnote = {Provided by the SAO/NASA Astrophysics Data System},
 adsurl = {http://adsabs.harvard.edu/abs/2016ApJ...820...54K},
 archiveprefix = {arXiv},
 author = {{Kataoka}, A. and {Muto}, T. and {Momose}, M. and {Tsukagoshi}, T. and
{Dullemond}, C.~P.},
 eid = {54},
 eprint = {1507.08902},
 journal = {\apj},
 keyword = {polarization, protoplanetary disks, scattering},
 month = {mar},
 pages = {54},
 primaryclass = {astro-ph.EP},
 title = {Grain Size Constraints on HL Tau with Polarization Signature},
 volume = {820},
 year = {2016}
}

@article{2016ApJ...820L..40A,
 adsnote = {Provided by the SAO/NASA Astrophysics Data System},
 adsurl = {http://adsabs.harvard.edu/abs/2016ApJ...820L..40A},
 archiveprefix = {arXiv},
 author = {{Andrews}, S.~M. and {Wilner}, D.~J. and {Zhu}, Z. and {Birnstiel}, T. and
{Carpenter}, J.~M. and {P{\'e}rez}, L.~M. and {Bai}, X.-N. and
{{\"O}berg}, K.~I. and {Hughes}, A.~M. and {Isella}, A. and
{Ricci}, L.},
 eid = {L40},
 eprint = {1603.09352},
 journal = {\apjl},
 keyword = {planet{\ndash}disk interactions, protoplanetary disks, stars: individual: TW Hydrae},
 month = {apr},
 pages = {L40},
 primaryclass = {astro-ph.EP},
 title = {Ringed Substructure and a Gap at 1 au in the Nearest Protoplanetary Disk},
 volume = {820},
 year = {2016}
}

@article{2016ApJ...821...80B,
 adsnote = {Provided by the SAO/NASA Astrophysics Data System},
 adsurl = {http://adsabs.harvard.edu/abs/2016ApJ...821...80B},
 archiveprefix = {arXiv},
 author = {{Bai}, X.-N.},
 eid = {80},
 eprint = {1603.00484},
 journal = {\apj},
 keyword = {accretion, accretion disks, magnetohydrodynamics: MHD, methods: numerical},
 month = {apr},
 pages = {80},
 primaryclass = {astro-ph.EP},
 title = {Towards a Global Evolutionary Model of Protoplanetary Disks},
 volume = {821},
 year = {2016}
}

@article{2016ApJ...823L...8M,
 adsnote = {Provided by the SAO/NASA Astrophysics Data System},
 adsurl = {http://adsabs.harvard.edu/abs/2016ApJ...823L...8M},
 archiveprefix = {arXiv},
 author = {{Montesinos}, M. and {Perez}, S. and {Casassus}, S. and {Marino}, S. and
{Cuadra}, J. and {Christiaens}, V.},
 eid = {L8},
 eprint = {1601.07912},
 journal = {\apjl},
 keyword = {accretion, accretion disks, hydrodynamics, methods: numerical, planets and satellites: dynamical evolution and stability, protoplanetary disks},
 month = {may},
 pages = {L8},
 primaryclass = {astro-ph.EP},
 title = {Spiral Waves Triggered by Shadows in Transition Disks},
 volume = {823},
 year = {2016}
}

@article{2016ApJ...825...77D,
 adsnote = {Provided by the SAO/NASA Astrophysics Data System},
 adsurl = {http://adsabs.harvard.edu/abs/2016ApJ...825...77D},
 archiveprefix = {arXiv},
 author = {{Dong}, R. and {Dawson}, R.},
 eid = {77},
 eprint = {1605.02074},
 journal = {\apj},
 keyword = {circumstellar matter, planet{\ndash}disk interactions, planets and satellites: formation, protoplanetary disks, stars: pre-main sequence, stars: variables: T Tauri, Herbig Ae/Be},
 month = {jul},
 pages = {77},
 primaryclass = {astro-ph.EP},
 title = {Stability and Occurrence Rate Constraints on the Planetary Sculpting Hypothesis for {\ldquo}Transitional{\rdquo} Disks},
 volume = {825},
 year = {2016}
}

@article{2016ApJ...831L..12K,
 adsnote = {Provided by the SAO/NASA Astrophysics Data System},
 adsurl = {http://adsabs.harvard.edu/abs/2016ApJ...831L..12K},
 archiveprefix = {arXiv},
 author = {{Kataoka}, A. and {Tsukagoshi}, T. and {Momose}, M. and {Nagai}, H. and
{Muto}, T. and {Dullemond}, C.~P. and {Pohl}, A. and {Fukagawa}, M. and
{Shibai}, H. and {Hanawa}, T. and {Murakawa}, K.},
 eid = {L12},
 eprint = {1610.06318},
 journal = {\apjl},
 keyword = {polarization, protoplanetary disks, stars: individual: HD 142527},
 month = {nov},
 pages = {L12},
 primaryclass = {astro-ph.EP},
 title = {Submillimeter Polarization Observation of the Protoplanetary Disk around HD 142527},
 volume = {831},
 year = {2016}
}

@article{2016arXiv160907510W,
 adsnote = {Provided by the SAO/NASA Astrophysics Data System},
 adsurl = {http://adsabs.harvard.edu/abs/2016arXiv160907510W},
 archiveprefix = {arXiv},
 author = {{Wang}, L. and {Goodman}, J.~J.},
 eprint = {1609.07510},
 journal = {ArXiv e-prints},
 keyword = {Astrophysics - Earth and Planetary Astrophysics},
 month = {sep},
 primaryclass = {astro-ph.EP},
 title = {Wind-driven Accretion in Transitional Protostellar Disks},
 year = {2016}
}

@article{2016arXiv161008939V,
 adsnote = {Provided by the SAO/NASA Astrophysics Data System},
 adsurl = {http://adsabs.harvard.edu/abs/2016arXiv161008939V},
 archiveprefix = {arXiv},
 author = {{van Boekel}, R. and {Henning}, T. and {Menu}, J. and {de Boer}, J. and
{Langlois}, M. and {M{\"u}ller}, A. and {Avenhaus}, H. and {Boccaletti}, A. and
{Schmid}, H.~M. and {Thalmann}, C. and {Benisty}, M. and {Dominik}, C. and
{Ginski}, C. and {Girard}, J.~H. and {Gisler}, D. and {Lobo Gomes}, A. and
{Menard}, F. and {Min}, M. and {Pavlov}, A. and {Pohl}, A. and
{Quanz}, S.~P. and {Rabou}, P. and {Roelfsema}, R. and {Sauvage}, J.-F. and
{Teague}, R. and {Wildi}, F. and {Zurlo}, A.},
 eprint = {1610.08939},
 journal = {ArXiv e-prints},
 keyword = {Astrophysics - Earth and Planetary Astrophysics, Astrophysics - Solar and Stellar Astrophysics},
 month = {oct},
 primaryclass = {astro-ph.EP},
 title = {Three radial gaps in the disk of TW Hydrae imaged with SPHERE},
 year = {2016}
}

@article{2016arXiv161010089B,
 adsnote = {Provided by the SAO/NASA Astrophysics Data System},
 adsurl = {http://adsabs.harvard.edu/abs/2016arXiv161010089B},
 archiveprefix = {arXiv},
 author = {{Benisty}, M. and {Stolker}, T. and {Pohl}, A. and {de Boer}, J. and
{Lesur}, G. and {Dominik}, C. and {Dullemond}, C.~P. and {Langlois}, M. and
{Min}, M. and {Wagner}, K. and {Henning}, T. and {Juhasz}, A. and
{Pinilla}, P. and {Facchini}, S. and {Apai}, D. and {van Boekel}, R. and
{Garufi}, A. and {Ginski}, C. and {M{\'e}nard}, F. and {Pinte}, C. and
{Quanz}, S.~P. and {Zurlo}, A. and {Boccaletti}, A. and {Bonnefoy}, M. and
{Beuzit}, J.~L. and {Chauvin}, G. and {Cudel}, M. and {Desidera}, S. and
{Feldt}, M. and {Fontanive}, C. and {Gratton}, R. and {Kasper}, M. and
{Lagrange}, A.-M. and {LeCoroller}, H. and {Mouillet}, D. and
{Mesa}, D. and {Sissa}, E. and {Vigan}, A. and {Antichi}, J. and
{Buey}, T. and {Fusco}, T. and {Gisler}, D. and {Llored}, M. and
{Magnard}, Y. and {Moeller-Nilsson}, O. and {Pragt}, J. and
{Roelfsema}, R. and {Sauvage}, J.-F. and {Wildi}, F.},
 eprint = {1610.10089},
 journal = {ArXiv e-prints},
 keyword = {Astrophysics - Earth and Planetary Astrophysics},
 month = {oct},
 primaryclass = {astro-ph.EP},
 title = {Shadows and spirals in the protoplanetary disk HD 100453},
 year = {2016}
}

@article{2016arXiv161101070D,
 adsnote = {Provided by the SAO/NASA Astrophysics Data System},
 adsurl = {http://adsabs.harvard.edu/abs/2016arXiv161101070D},
 archiveprefix = {arXiv},
 author = {{D{\"u}rmann}, C. and {Kley}, W.},
 eprint = {1611.01070},
 journal = {ArXiv e-prints},
 keyword = {Astrophysics - Earth and Planetary Astrophysics},
 month = {nov},
 primaryclass = {astro-ph.EP},
 title = {The accretion of migrating giant planets},
 year = {2016}
}

@article{2016MNRAS.456..756H,
 adsnote = {Provided by the SAO/NASA Astrophysics Data System},
 adsurl = {http://adsabs.harvard.edu/abs/2016MNRAS.456..756H},
 archiveprefix = {arXiv},
 author = {{Hubber}, D.~A. and {Ercolano}, B. and {Dale}, J.},
 eprint = {1511.05115},
 journal = {\mnras},
 keyword = {atomic processes, hydrodynamics, radiative transfer, methods: numerical},
 month = {feb},
 pages = {756-766},
 primaryclass = {astro-ph.IM},
 title = {Observing gas and dust in simulations of star formation with Monte Carlo radiation transport on Voronoi meshes},
 volume = {456},
 year = {2016}
}

@article{2016MNRAS.460.2050Z,
 adsnote = {Provided by the SAO/NASA Astrophysics Data System},
 adsurl = {http://adsabs.harvard.edu/abs/2016MNRAS.460.2050Z},
 archiveprefix = {arXiv},
 author = {{Zhao}, B. and {Caselli}, P. and {Li}, Z.-Y. and {Krasnopolsky}, R. and
{Shang}, H. and {Nakamura}, F.},
 eprint = {1602.02729},
 journal = {\mnras},
 keyword = {magnetic fields, MHD, circumstellar matter, stars: formation, cosmic rays},
 month = {aug},
 pages = {2050-2076},
 primaryclass = {astro-ph.SR},
 title = {Protostellar disc formation enabled by removal of small dust grains},
 volume = {460},
 year = {2016}
}

@article{2016MNRAS.460.3472E,
 adsnote = {Provided by the SAO/NASA Astrophysics Data System},
 adsurl = {http://adsabs.harvard.edu/abs/2016MNRAS.460.3472E},
 archiveprefix = {arXiv},
 author = {{Ercolano}, B. and {Owen}, J.~E.},
 eprint = {1605.04066},
 journal = {\mnras},
 keyword = {protoplanetary discs},
 month = {aug},
 pages = {3472-3478},
 primaryclass = {astro-ph.EP},
 title = {Blueshifted [O I] lines from protoplanetary discs: the smoking gun of X-ray photoevaporation},
 volume = {460},
 year = {2016}
}

@article{2016Natur.535..258C,
 adsnote = {Provided by the SAO/NASA Astrophysics Data System},
 adsurl = {http://adsabs.harvard.edu/abs/2016Natur.535..258C},
 archiveprefix = {arXiv},
 author = {{Cieza}, L.~A. and {Casassus}, S. and {Tobin}, J. and {Bos}, S.~P. and
{Williams}, J.~P. and {Perez}, S. and {Zhu}, Z. and {Caceres}, C. and
{Canovas}, H. and {Dunham}, M.~M. and {Hales}, A. and {Prieto}, J.~L. and
{Principe}, D.~A. and {Schreiber}, M.~R. and {Ruiz-Rodriguez}, D. and
{Zurlo}, A.},
 eprint = {1607.03757},
 journal = {\nat},
 month = {jul},
 pages = {258-261},
 primaryclass = {astro-ph.SR},
 title = {Imaging the water snow-line during a protostellar outburst},
 volume = {535},
 year = {2016}
}

@article{2016PASA...33....5O,
 adsnote = {Provided by the SAO/NASA Astrophysics Data System},
 adsurl = {http://adsabs.harvard.edu/abs/2016PASA...33....5O},
 archiveprefix = {arXiv},
 author = {{Owen}, J.~E.},
 eid = {e005},
 eprint = {1512.06873},
 journal = {\pasa},
 keyword = {accretion, accretion disks, planet-disk interactions, planets and satellites: formation, protoplanetary disks, stars: pre-main sequence},
 month = {feb},
 pages = {e005},
 primaryclass = {astro-ph.SR},
 title = {The Origin and Evolution of Transition Discs: Successes, Problems, and Open Questions},
 volume = {33},
 year = {2016}
}

@article{2017MNRAS.464L..95E,
 adsnote = {Provided by the SAO/NASA Astrophysics Data System},
 adsurl = {http://adsabs.harvard.edu/abs/2017MNRAS.464L..95E},
 author = {{Ercolano}, B. and {Rosotti}, G.~P. and {Picogna}, G. and {Testi}, L.},
 journal = {\mnras},
 keyword = {protoplanetary discs},
 month = {jan},
 pages = {L95-L99},
 title = {A photoevaporative gap in the closest planet-forming disc},
 volume = {464},
 year = {2017}
}

@article{2017MNRAS.466L...7D,
 adsnote = {Provided by the SAO/NASA Astrophysics Data System},
 adsurl = {http://adsabs.harvard.edu/abs/2017MNRAS.466L...7D},
 author = {{de Boer}, J. and {Girard}, J.~H. and {Canovas}, H. and {Min}, M. and
{Sitko}, M. and {Ginski}, C. and {Jeffers}, S.~V. and {Mawet}, D. and
{Milli}, J. and {Rodenhuis}, M. and {Snik}, F. and {Keller}, C.~U.},
 journal = {\mnras},
 month = {mar},
 pages = {L7-L12},
 title = {BP Piscium: its flaring disc imaged with SPHERE/ZIMPOL},
 volume = {466},
 year = {2017}
}

@article{Isella2016,
 archiveprefix = {arXiv},
 author = {{Isella}, A. and {Guidi}, G. and {Testi}, L. and {Liu}, S. and {Li}, H. and {Li}, S. and {Weaver}, E. and {Boehler}, Y. and {Carperter}, J.M. and {De Gregorio-Monsalvo}, I. and {Manara}, C.~F. and {Natta}, A. and {P\'erez}, L.~M. and {Ricci}, L. and {Sargent}, A.~I. and {Tazzari}, M. and {Turner}, N.},
 bdsk-url-1 = {http://dx.doi.org/10.1088/0004-637X/788/2/129},
 date-added = {2016-12-20 07:54:11 +0000},
 date-modified = {2016-12-20 07:59:48 +0000},
 doi = {10.1103/PhysRevLett.117.251101},
 journal = {Phys. Rev. Lett.},
 month = {dec},
 pages = {251101},
 title = {Ringed Structures of the HD 163296 Protoplanetary Disk Revealed by ALMA},
 volume = {117},
 year = {2016}
}

@article{2017A&A...597A..42B,
author = {Benisty, M and Stolker, T and Pohl, A and de Boer, J and Lesur, G and Dominik, C and Dullemond, C P and Langlois, M and Min, M and Wagner, K and Henning, T and Juh{\'a}sz, A and Pinilla, P and Facchini, S and Apai, D and Van Boekel, R and Garufi, A and Ginski, C and M{\'e}nard, F and Pinte, C and Quanz, S P and Zurlo, A and Boccaletti, A and Bonnefoy, M and Beuzit, J-L and Chauvin, G and Cudel, M and Desidera, S and Feldt, M and Fontanive, C and Gratton, R and Kasper, M and Lagrange, A M and LeCoroller, H and Mouillet, D and Mesa, D and Sissa, E and Vigan, A and Antichi, J and Buey, T and Fusco, T and Gisler, D and Llored, M and Magnard, Y and Moeller-Nilsson, O and Pragt, J and Roelfsema, R and Sauvage, J F and Wildi, F},
title = {{Shadows and spirals in the protoplanetary disk HD 100453}},
journal = {A{\&}A},
year = {2017},
volume = {597},
pages = {A42},
month = jan
}

