%% Created using Papers on Sun, 11 Dec 2016.
%% http://papersapp.com/papers/

@article{2017MNRAS.464.1449R,
author = {Ragusa, Enrico and Dipierro, Giovanni and Lodato, Giuseppe and Laibe, Guillaume and Price, Daniel J},
title = {{On the origin of horseshoes in transitional discs}},
journal = {Monthly Notices of the Royal Astronomical Society},
year = {2017},
volume = {464},
number = {2},
pages = {1449--1455},
month = jan
}

@article{2016arXiv161109361T,
author = {Tomida, Kengo and Machida, Masahiro N and Hosokawa, Takashi and Sakurai, Yuya and Lin, Chia Hui},
title = {{Grand Design Spiral Arms in A Young Forming Circumstellar Disk}},
journal = {arXiv.org},
year = {2016},
eprint = {1611.09361},
eprinttype = {arxiv},
eprintclass = {1611},
pages = {arXiv:1611.09361},
month = nov
}

@article{2016ApJ...831..133H,
author = {Herczeg, Gregory J and Dong, Subo and Shappee, Benjamin J and Chen 陈 平, Ping and Hillenbrand, Lynne A and Jose, Jessy and Kochanek, Christopher S and Prieto, Jose L and Stanek, K Z and Kaplan, Kyle and Holoien, Thomas W S and Mairs, Steve and Johnstone, Doug and Gully-Santiago, Michael and Zhu, Zhaohuan and Smith, Martin C and Bersier, David and Mulders, Gijs D and Filippenko, Alexei V and Ayani, Kazuya and Brimacombe, Joseph and Brown, Jonathan S and Connelley, Michael and Harmanen, Jussi and Itoh, Ryosuke and Kawabata, Koji S and Maehara, Hiroyuki and Takata, Koji and Yuk, Heechan and Zheng, WeiKang},
title = {{The Eruption of the Candidate Young Star ASASSN-15QI}},
journal = {The Astrophysical Journal},
year = {2016},
volume = {831},
number = {2},
pages = {133},
month = nov
}

@article{2016ApJ...831L..12K,
author = {Kataoka, Akimasa and Tsukagoshi, Takashi and Momose, Munetake and Nagai, Hiroshi and Muto, Takayuki and Dullemond, Cornelis P and Pohl, Adriana and Fukagawa, Misato and Shibai, Hiroshi and Hanawa, Tomoyuki and Murakawa, Koji},
title = {{Submillimeter Polarization Observation of the Protoplanetary Disk around HD 142527}},
journal = {The Astrophysical Journal Letters},
year = {2016},
volume = {831},
number = {2},
pages = {L12},
month = nov
}

@article{2016arXiv161008502B,
author = {Bae, Jaehan and Nelson, Richard P and Hartmann, Lee},
title = {{The Spiral Wave Instability Induced by a Giant Planet: I. Particle Stirring in the Inner Regions of Protoplanetary Disks}},
journal = {arXiv.org},
year = {2016},
eprint = {1610.08502},
eprinttype = {arxiv},
eprintclass = {1610},
pages = {arXiv:1610.08502},
month = oct,
annote = {Accepted for publication in the The Astrophysical Journal, 19 pages, 12 figures, 1 table}
}

@article{2016arXiv161010089B,
author = {Benisty, M and Stolker, T and Pohl, A and de Boer, J and Lesur, G and Dominik, C and Dullemond, C P and Langlois, M and Min, M and Wagner, K and Henning, T and Juh{\'a}sz, A and Pinilla, P and Facchini, S and Apai, D and Van Boekel, R and Garufi, A and Ginski, C and M{\'e}nard, F and Pinte, C and Quanz, S P and Zurlo, A and Boccaletti, A and Bonnefoy, M and Beuzit, J-L and Chauvin, G and Cudel, M and Desidera, S and Feldt, M and Fontanive, C and Gratton, R and Kasper, M and Lagrange, A M and LeCoroller, H and Mouillet, D and Mesa, D and Sissa, E and Vigan, A and Antichi, J and Buey, T and Fusco, T and Gisler, D and Llored, M and Magnard, Y and Moeller-Nilsson, O and Pragt, J and Roelfsema, R and Sauvage, J F and Wildi, F},
title = {{Shadows and spirals in the protoplanetary disk HD 100453}},
journal = {arXiv.org},
year = {2016},
eprint = {1610.10089},
eprinttype = {arxiv},
eprintclass = {1610},
pages = {arXiv:1610.10089},
month = oct,
annote = {A{\&}A, accepted}
}

@article{2016Sci...353.1519P,
author = {P{\'e}rez, Laura M and Carpenter, John M and Andrews, Sean M and Ricci, Luca and Isella, Andrea and Linz, Hendrik and Sargent, Anneila I and Wilner, David J and Henning, Thomas and Deller, Adam T and Chandler, Claire J and Dullemond, Cornelis P and Lazio, Joseph and Menten, Karl M and Corder, Stuartt A and Storm, Shaye and Testi, Leonardo and Tazzari, Marco and Kwon, Woojin and Calvet, Nuria and Greaves, Jane S and Harris, Robert J and Mundy, Lee G},
title = {{Spiral density waves in a young protoplanetary disk}},
journal = {Science},
year = {2016},
volume = {353},
number = {6},
pages = {1519--1521},
month = sep
}

@article{2016ARA&A..54..135H,
author = {Hartmann, Lee and Herczeg, Gregory and Calvet, Nuria},
title = {{Accretion onto Pre-Main-Sequence Stars}},
journal = {Annual Review of Astronomy and Astrophysics},
year = {2016},
volume = {54},
pages = {135--180},
month = sep
}

@article{2016ApJ...827...43M,
author = {Mu{\~n}oz, Diego J and Lai, Dong},
title = {{Pulsed Accretion onto Eccentric and Circular Binaries}},
journal = {The Astrophysical Journal},
year = {2016},
volume = {827},
number = {1},
pages = {43},
month = aug
}

@article{2016MNRAS.458.3927B,
author = {Baruteau, Cl{\'e}ment and Zhu, Zhaohuan},
title = {{Gas and dust hydrodynamical simulations of massive lopsided transition discs - II. Dust concentration}},
journal = {Monthly Notices of the Royal Astronomical Society},
year = {2016},
volume = {458},
number = {4},
pages = {3927--3941},
month = jun
}

@article{2016ApJ...823L...8M,
author = {Montesinos, Mat{\'\i}as and Perez, Sebastian and Casassus, Simon and Marino, Sebastian and Cuadra, Jorge and Christiaens, Valentin},
title = {{Spiral Waves Triggered by Shadows in Transition Disks}},
journal = {The Astrophysical Journal Letters},
year = {2016},
volume = {823},
number = {1},
pages = {L8},
month = may
}

@article{2016A&A...589A..10T,
author = {Thun, Daniel and Kuiper, Rolf and Schmidt, Franziska and Kley, Wilhelm},
title = {{Dynamical friction for supersonic motion in a homogeneous gaseous medium}},
journal = {Astronomy and Astrophysics},
year = {2016},
volume = {589},
pages = {A10},
month = may
}

@article{2016ApJ...816L..12D,
author = {Dong, Ruobing and Zhu, Zhaohuan and Fung, Jeffrey and Rafikov, Roman and Chiang, Eugene and Wagner, Kevin},
title = {{An M Dwarf Companion and Its Induced Spiral Arms in the HD 100453 Protoplanetary Disk}},
journal = {The Astrophysical Journal Letters},
year = {2016},
volume = {816},
number = {1},
pages = {L12},
month = jan
}

@article{2015A&A...582L...9L,
author = {Lesur, Geoffroy and Hennebelle, Patrick and Fromang, S{\'e}bastien},
title = {{Spiral-driven accretion in protoplanetary discs. I. 2D models}},
journal = {Astronomy and Astrophysics},
year = {2015},
volume = {582},
pages = {L9},
month = oct
}

@article{2015MNRAS.453.1768P,
author = {Pohl, A and Pinilla, P and Benisty, M and Ataiee, S and Juh{\'a}sz, A and Dullemond, C P and Van Boekel, R and Henning, T},
title = {{Scattered light images of spiral arms in marginally gravitationally unstable discs with an embedded planet}},
journal = {Monthly Notices of the Royal Astronomical Society},
year = {2015},
volume = {453},
number = {2},
pages = {1768--1778},
month = oct
}

@article{2015A&A...578L...6B,
author = {Benisty, M and Juh{\'a}sz, A and Boccaletti, A and Avenhaus, H and Milli, J and Thalmann, C and Dominik, C and Pinilla, P and Buenzli, E and Pohl, A and Beuzit, J-L and Birnstiel, T and de Boer, J and Bonnefoy, M and Chauvin, G and Christiaens, V and Garufi, A and Grady, C and Henning, T and Hu{\'e}lamo, N and Isella, A and Langlois, M and M{\'e}nard, F and Mouillet, D and Olofsson, J and Pantin, E and Pinte, C and Pueyo, L},
title = {{Asymmetric features in the protoplanetary disk MWC 758}},
journal = {Astronomy and Astrophysics},
year = {2015},
volume = {578},
pages = {L6},
month = jun
}

@article{2015ApJ...798L..44M,
author = {Marino, S and Perez, S and Casassus, S},
title = {{Shadows Cast by a Warp in the HD 142527 Protoplanetary Disk}},
journal = {The Astrophysical Journal Letters},
year = {2015},
volume = {798},
number = {2},
pages = {L44},
month = jan
}

@article{2014ApJ...795...53Z,
author = {Zhu, Zhaohuan and Stone, James M},
title = {{Dust Trapping by Vortices in Transitional Disks: Evidence for Non-ideal Magnetohydrodynamic Effects in Protoplanetary Disks}},
journal = {The Astrophysical Journal},
year = {2014},
volume = {795},
number = {1},
pages = {53},
month = nov
}

@article{2014ApJ...791L..37R,
author = {Rodigas, Timothy J and Follette, Katherine B and Weinberger, Alycia and Close, Laird and Hines, Dean C},
title = {{Polarized Light Imaging of the HD 142527 Transition Disk with the Gemini Planet Imager: Dust around the Close-in Companion}},
journal = {The Astrophysical Journal Letters},
year = {2014},
volume = {791},
number = {2},
pages = {L37},
month = aug
}

@article{2013PASJ...65L..14F,
author = {Fukagawa, Misato and Tsukagoshi, Takashi and Momose, Munetake and Saigo, Kazuya and Ohashi, Nagayoshi and Kitamura, Yoshimi and Inutsuka, Shu-Ichiro and Muto, Takayuki and Nomura, Hideko and Takeuchi, Taku and Kobayashi, Hiroshi and Hanawa, Tomoyuki and Akiyama, Eiji and Honda, Mitsuhiko and Fujiwara, Hideaki and Kataoka, Akimasa and Takahashi, Sanemichi Z and Shibai, Hiroshi},
title = {{Local Enhancement of the Surface Density in the Protoplanetary Ring Surrounding HD 142527}},
journal = {Publications of the Astronomical Society of Japan},
year = {2013},
volume = {65},
pages = {L14},
month = dec
}

@article{2013A&A...555A.124B,
author = {Bitsch, B and Crida, A and Libert, A S and Lega, E},
title = {{Highly inclined and eccentric massive planets. I. Planet-disc interactions}},
journal = {Astronomy and Astrophysics},
year = {2013},
volume = {555},
pages = {A124},
month = jul
}

@article{2013Sci...340.1199V,
author = {van der Marel, Nienke and van Dishoeck, Ewine F and Bruderer, Simon and Birnstiel, Til and Pinilla, Paola and Dullemond, Cornelis P and van Kempen, Tim A and Schmalzl, Markus and Brown, Joanna M and Herczeg, Gregory J and Mathews, Geoffrey S and Geers, Vincent},
title = {{A Major Asymmetric Dust Trap in a Transition Disk}},
journal = {Science},
year = {2013},
volume = {340},
number = {6},
pages = {1199--1202},
month = jun
}

@article{2013MNRAS.431.1320X,
author = {Xiang-Gruess, M and Papaloizou, J C B},
title = {{Interaction between massive planets on inclined orbits and circumstellar discs}},
journal = {Monthly Notices of the Royal Astronomical Society},
year = {2013},
volume = {431},
number = {2},
pages = {1320--1336},
month = may
}

@article{2013A&A...553L...3A,
author = {Ataiee, S and Pinilla, P and Zsom, A and Dullemond, C P and Dominik, C and Ghanbari, J},
title = {{Asymmetric transition disks: Vorticity or eccentricity?}},
journal = {Astronomy and Astrophysics},
year = {2013},
volume = {553},
pages = {L3},
month = may
}

@article{2013A&A...550L...8B,
author = {Birnstiel, T and Dullemond, C P and Pinilla, P},
title = {{Lopsided dust rings in transition disks}},
journal = {Astronomy and Astrophysics},
year = {2013},
volume = {550},
pages = {L8},
month = feb
}

@article{2013Natur.493..191C,
author = {Casassus, Simon and van der Plas, Gerrit and M, Sebastian Perez and Dent, William R F and Fomalont, Ed and Hagelberg, Janis and Hales, Antonio and Jord{\'a}n, Andr{\'e}s and Mawet, Dimitri and M{\'e}nard, Francois and Wootten, Al and Wilner, David and Hughes, A Meredith and Schreiber, Matthias R and Girard, Julien H and Ercolano, Barbara and Canovas, Hector and Rom{\'a}n, Pablo E and Salinas, Vachail},
title = {{Flows of gas through a protoplanetary gap}},
journal = {Nature},
year = {2013},
volume = {493},
number = {7},
pages = {191--194},
month = jan
}

@article{2012A&A...546A..24R,
author = {Rameau, J and Chauvin, G and Lagrange, A M and Th{\'e}bault, P and Milli, J and Girard, J H and Bonnefoy, M},
title = {{High-contrast imaging of the close environment of HD 142527. VLT/NaCo adaptive optics thermal and angular differential imaging}},
journal = {Astronomy and Astrophysics},
year = {2012},
volume = {546},
pages = {A24},
month = oct
}

@article{2012MNRAS.422.1880O,
author = {Owen, James E and Clarke, Cathie J and Ercolano, Barbara},
title = {{On the theory of disc photoevaporation}},
journal = {Monthly Notices of the Royal Astronomical Society},
year = {2012},
volume = {422},
number = {3},
pages = {1880--1901},
month = may
}

@article{2012ApJ...748L..22M,
author = {Muto, T and Grady, C A and Hashimoto, J and Fukagawa, M and Hornbeck, J B and Sitko, M and Russell, R and Werren, C and Cur{\'e}, M and Currie, T and Ohashi, N and Okamoto, Y and Momose, M and Honda, M and Inutsuka, S and Takeuchi, T and Dong, R and Abe, L and Brandner, W and Brandt, T and Carson, J and Egner, S and Feldt, M and Fukue, T and Goto, M and Guyon, O and Hayano, Y and Hayashi, M and Hayashi, S and Henning, T and Hodapp, K W and Ishii, M and Iye, M and Janson, M and Kandori, R and Knapp, G R and Kudo, T and Kusakabe, N and Kuzuhara, M and Matsuo, T and Mayama, S and McElwain, M W and Miyama, S and Morino, J-I and Moro-Martin, A and Nishimura, T and Pyo, T-S and Serabyn, E and Suto, H and Suzuki, R and Takami, M and Takato, N and Terada, H and Thalmann, C and Tomono, D and Turner, E L and Watanabe, M and Wisniewski, J P and Yamada, T and Takami, H and Usuda, T and Tamura, M},
title = {{Discovery of Small-scale Spiral Structures in the Disk of SAO 206462 (HD 135344B): Implications for the Physical State of the Disk from Spiral Density Wave Theory}},
journal = {The Astrophysical Journal Letters},
year = {2012},
volume = {748},
number = {2},
pages = {L22},
month = apr
}

@article{2012ascl.soft02015D,
author = {Dullemond, C P},
title = {{RADMC-3D: A multi-purpose radiative transfer tool}},
journal = {Astrophysics Source Code Library},
year = {2012},
pages = {ascl:1202.015},
month = feb
}

@article{2012MNRAS.419.1701R,
author = {Regaly, Zs and Juh{\'a}sz, A and S{\'a}ndor, Zs and Dullemond, C P},
title = {{Possible planet-forming regions on submillimetre images}},
journal = {Monthly Notices of the Royal Astronomical Society},
year = {2012},
volume = {419},
number = {2},
pages = {1701--1712},
month = jan,
annote = {{\textcopyright} 2011 The Authors Monthly Notices of the Royal Astronomical Society {\textcopyright} 2011 RAS}
}

@article{2011MNRAS.417.1817T,
author = {Thies, I and Kroupa, P and Goodwin, S P and Stamatellos, D and Whitworth, A P},
title = {{A natural formation scenario for misaligned and short-period eccentric extrasolar planets}},
journal = {Monthly Notices of the Royal Astronomical Society},
year = {2011},
volume = {417},
number = {3},
pages = {1817--1822},
month = nov,
annote = {{\textcopyright} 2011 The Authors. Monthly Notices of the Royal Astronomical Society {\textcopyright} 2011 RAS}
}

@article{2011MNRAS.415.3731P,
author = {Petkova, Margarita and Springel, Volker},
title = {{A novel approach for accurate radiative transfer in cosmological hydrodynamic simulations}},
journal = {Monthly Notices of the Royal Astronomical Society},
year = {2011},
volume = {415},
number = {4},
pages = {3731--3749},
month = aug,
annote = {{\textcopyright} 2011 The Authors Monthly Notices of the Royal Astronomical Society {\textcopyright} 2011 RAS}
}

@article{2011A&A...530A..41B,
author = {Bitsch, B and Kley, W},
title = {{Evolution of inclined planets in three-dimensional radiative discs}},
journal = {Astronomy and Astrophysics},
year = {2011},
volume = {530},
pages = {41},
month = jun
}

@article{2011ApJ...729...47Z,
author = {Zhu, Zhaohuan and Nelson, Richard P and Hartmann, Lee and Espaillat, Catherine and Calvet, Nuria},
title = {{Transitional and Pre-transitional Disks: Gap Opening by Multiple Planets?}},
journal = {The Astrophysical Journal},
year = {2011},
volume = {729},
number = {1},
pages = {47},
month = mar
}

@article{2010A&A...511A..81K,
author = {Kuiper, R and Klahr, H and Dullemond, C and Kley, W and Henning, T},
title = {{Fast and accurate frequency-dependent radiation transport for hydrodynamics simulations in massive star formation}},
journal = {Astronomy and Astrophysics},
year = {2010},
volume = {511},
pages = {A81},
month = feb
}

@article{2010MNRAS.401..791S,
author = {Springel, Volker},
title = {{E pur si muove: Galilean-invariant cosmological hydrodynamical simulations on a moving mesh}},
journal = {Monthly Notices of the Royal Astronomical Society},
year = {2010},
volume = {401},
number = {2},
pages = {791--851},
month = jan
}

@article{2009ApJ...704..496B,
author = {Brown, J M and Blake, G A and Qi, C and Dullemond, C P and Wilner, D J and Williams, J P},
title = {{Evidence for Dust Clearing Through Resolved Submillimeter Imaging}},
journal = {The Astrophysical Journal},
year = {2009},
volume = {704},
number = {1},
pages = {496--502},
month = oct
}

@article{2009ApJ...699.1639E,
author = {Ercolano, Barbara and Clarke, Cathie J and Drake, Jeremy J},
title = {{X-Ray Irradiated Protoplanetary Disk Atmospheres. II. Predictions from Models in Hydrostatic Equilibrium}},
journal = {The Astrophysical Journal},
year = {2009},
volume = {699},
number = {2},
pages = {1639--1649},
month = jul
}

@article{2008ApJ...688..398E,
author = {Ercolano, Barbara and Drake, Jeremy J and Raymond, John C and Clarke, Cathie C},
title = {{X-Ray-Irradiated Protoplanetary Disk Atmospheres. I. Predicted Emission-Line Spectrum and Photoevaporation}},
journal = {The Astrophysical Journal},
year = {2008},
volume = {688},
number = {1},
pages = {398--407},
month = nov
}

@article{2008A&A...488..191O,
author = {Olczak, C and Pfalzner, S and Eckart, A},
title = {{Encounters in the ONC - observing imprints of star-disc interactions}},
journal = {Astronomy and Astrophysics},
year = {2008},
volume = {488},
number = {1},
pages = {191--202},
month = sep
}

@article{2008ApJS..175..534E,
author = {Ercolano, Barbara and Young, Peter R and Drake, Jeremy J and Raymond, John C},
title = {{X-Ray Enabled MOCASSIN: A Three-dimensional Code for Photoionized Media}},
journal = {The Astrophysical Journal Supplement Series},
year = {2008},
volume = {175},
number = {2},
pages = {534--542},
month = apr,
annote = {(c) 2008: The American Astronomical Society}
}

@article{2007ApJS..170..228M,
author = {Mignone, A and Bodo, G and Massaglia, S and Matsakos, T and Tesileanu, O and Zanni, C and Ferrari, A},
title = {{PLUTO: A Numerical Code for Computational Astrophysics}},
journal = {The Astrophysical Journal Supplement Series},
year = {2007},
volume = {170},
number = {1},
pages = {228--242},
month = may
}

@article{2006ApJ...638..369K,
author = {Krumholz, Mark R and McKee, Christopher F and Klein, Richard I},
title = {{Bondi-Hoyle Accretion in a Turbulent Medium}},
journal = {The Astrophysical Journal},
year = {2006},
volume = {638},
number = {1},
pages = {369--381},
month = feb,
annote = {(c) 2006: The American Astronomical Society}
}

@article{2006A&A...447..369K,
author = {Kley, W and Dirksen, G},
title = {{Disk eccentricity and embedded planets}},
journal = {Astronomy and Astrophysics},
year = {2006},
volume = {447},
number = {1},
pages = {369--377},
month = feb
}

@article{2006ApJ...636L.153F,
author = {Fukagawa, Misato and Tamura, Motohide and Itoh, Yoichi and Kudo, Tomoyuki and Imaeda, Yusuke and Oasa, Yumiko and Hayashi, Saeko S and Hayashi, Masahiko},
title = {{Near-Infrared Images of Protoplanetary Disk Surrounding HD 142527}},
journal = {The Astrophysical Journal},
year = {2006},
volume = {636},
number = {2},
pages = {L153--L156},
month = jan,
annote = {(c) 2006: The American Astronomical Society}
}

@article{2005MNRAS.364.1105S,
author = {Springel, Volker},
title = {{The cosmological simulation code GADGET-2}},
journal = {Monthly Notices of the Royal Astronomical Society},
year = {2005},
volume = {364},
number = {4},
pages = {1105--1134},
month = dec
}

@article{2005MNRAS.362.1038E,
author = {Ercolano, B and Barlow, M J and Storey, P J},
title = {{The dusty MOCASSIN: fully self-consistent 3D photoionization and dust radiative transfer models}},
journal = {Monthly Notices of the Royal Astronomical Society},
year = {2005},
volume = {362},
number = {3},
pages = {1038--1046},
month = sep
}

@article{2005ApJ...622L..61P,
author = {Padoan, Paolo and Kritsuk, Alexei and Norman, Michael L and Nordlund, Ake},
title = {{A Solution to the Pre-Main-Sequence Accretion Problem}},
journal = {The Astrophysical Journal},
year = {2005},
volume = {622},
number = {1},
pages = {L61--L64},
month = mar,
annote = {(c) 2005: The American Astronomical Society}
}

@article{2005ApJ...621..853S,
author = {Semenov, D and Pavlyuchenkov, Ya and Schreyer, K and Henning, Th and Dullemond, C and Bacmann, A},
title = {{Millimeter Observations and Modeling of the AB Aurigae System}},
journal = {The Astrophysical Journal},
year = {2005},
volume = {621},
number = {2},
pages = {853--874},
month = mar,
annote = {(c) 2005: The American Astronomical Society}
}

@article{2005ApJ...618..757K,
author = {Krumholz, Mark R and McKee, Christopher F and Klein, Richard I},
title = {{Bondi Accretion in the Presence of Vorticity}},
journal = {The Astrophysical Journal},
year = {2005},
volume = {618},
number = {2},
pages = {757--768},
month = jan,
annote = {(c) 2005: The American Astronomical Society}
}

@article{2004ApJ...605L..53F,
author = {Fukagawa, Misato and Hayashi, Masahiko and Tamura, Motohide and Itoh, Yoichi and Hayashi, Saeko S and Oasa, Yumiko and Takeuchi, Taku and Morino, Jun-ichi and Murakawa, Koji and Oya, Shin and Yamashita, Takuya and Suto, Hiroshi and Mayama, Satoshi and Naoi, Takahiro and Ishii, Miki and Pyo, Tae-Soo and Nishikawa, Takayuki and Takato, Naruhisa and Usuda, Tomonori and Ando, Hiroyasu and Iye, Masanori and Miyama, Shoken M and Kaifu, Norio},
title = {{Spiral Structure in the Circumstellar Disk around AB Aurigae}},
journal = {The Astrophysical Journal},
year = {2004},
volume = {605},
number = {1},
pages = {L53--L56},
month = apr,
annote = {(c) 2004: The American Astronomical Society}
}

@article{2003MNRAS.340.1136E,
author = {Ercolano, B and Barlow, M J and Storey, P J and Liu, X-W},
title = {{MOCASSIN: a fully three-dimensional Monte Carlo photoionization code}},
journal = {Monthly Notice of the Royal Astronomical Society},
year = {2003},
volume = {340},
number = {4},
pages = {1136--1152},
month = apr,
annote = {(c) 2003 RAS}
}

@article{2002A&A...385..337T,
author = {Teyssier, R},
title = {{Cosmological hydrodynamics with adaptive mesh refinement. A new high resolution code called RAMSES}},
journal = {Astronomy and Astrophysics},
year = {2002},
volume = {385},
number = {1},
pages = {337--364},
month = apr
}

@article{2001ApJ...554..615B,
author = {Bjorkman, J E and Wood, Kenneth},
title = {{Radiative Equilibrium and Temperature Correction in Monte Carlo Radiation Transfer}},
journal = {The Astrophysical Journal},
year = {2001},
volume = {554},
number = {1},
pages = {615--623},
month = jun
}

@article{2000ApJ...533.1023L,
author = {Li, H and Finn, J M and Lovelace, R V E and Colgate, S A},
title = {{Rossby Wave Instability of Thin Accretion Disks. II. Detailed Linear Theory}},
journal = {The Astrophysical Journal},
year = {2000},
volume = {533},
number = {2},
pages = {1023--1034},
month = apr
}

@article{1999ApJ...523L.151G,
author = {Grady, C A and Woodgate, B and Bruhweiler, F C and Boggess, A and Plait, Philip and Lindler, Don J and Clampin, M and Kalas, P},
title = {{Hubble Space Telescope Space Telescope Imaging Spectrograph Coronagraphic Imaging of the Herbig AE Star AB Aurigae}},
journal = {The Astrophysical Journal},
year = {1999},
volume = {523},
number = {2},
pages = {L151--L154},
month = oct,
annote = {(c) 1999: The American Astronomical Society}
}

@article{1999ApJ...513..805L,
author = {Lovelace, R V E and Li, H and Colgate, S A and Nelson, A F},
title = {{Rossby Wave Instability of Keplerian Accretion Disks}},
journal = {The Astrophysical Journal},
year = {1999},
volume = {513},
number = {2},
pages = {805--810},
month = mar
}

@article{1997Icar..128..213K,
author = {Klahr, H Hubertus and Henning, Thomas},
title = {{Particle-Trapping Eddies in Protoplanetary Accretion Disks}},
journal = {Icarus},
year = {1997},
volume = {128},
number = {1},
pages = {213--229},
month = jul
}

@article{1995A&A...295L...1B,
author = {Barge, P and Sommeria, J},
title = {{Did planet formation begin inside persistent gaseous vortices?}},
journal = {Astronomy and Astrophysics},
year = {1995},
volume = {295},
pages = {L1--L4},
month = mar
}

@article{1994ShWav...4...25T,
author = {Toro, E F and Spruce, M and Speares, W},
title = {{Restoration of the contact surface in the HLL-Riemann solver}},
journal = {Shock Waves},
year = {1994},
volume = {4},
number = {1},
pages = {25--34},
month = jul
}

@article{1994ApJ...421..651A,
author = {Artymowicz, Pawel and Lubow, Stephen H},
title = {{Dynamics of binary-disk interaction. 1: Resonances and disk gap sizes}},
journal = {Astrophysical Journal},
year = {1994},
volume = {421},
pages = {651--667},
month = feb
}

@article{1972fpp..conf..211W,
author = {Whipple, F L},
title = {{On certain aerodynamic processes for asteroids and comets}},
journal = {From Plasma to Planet},
year = {1972},
pages = {211--},
month = n/a,
annote = {A{\&}amp;AA ID. AAA007.098.078}
}

