

@ARTICLE{2011ARA&A..49...67W,
   author = {{Williams}, J.~P. and {Cieza}, L.~A.},
    title = "{Protoplanetary Disks and Their Evolution}",
  journal = {\araa},
archivePrefix = "arXiv",
   eprint = {1103.0556},
 primaryClass = "astro-ph.GA",
     year = 2011,
    month = sep,
   volume = 49,
    pages = {67-117},
      doi = {10.1146/annurev-astro-081710-102548},
   adsurl = {http://cdsads.u-strasbg.fr/abs/2011ARA%26A..49...67W},
  adsnote = {Provided by the SAO/NASA Astrophysics Data System}
}


@ARTICLE{2007ApJS..170..228M,
   author = {{Mignone}, A. and {Bodo}, G. and {Massaglia}, S. and {Matsakos}, T. and 
	{Tesileanu}, O. and {Zanni}, C. and {Ferrari}, A.},
    title = "{PLUTO: A Numerical Code for Computational Astrophysics}",
  journal = {\apjs},
   eprint = {astro-ph/0701854},
 keywords = {Hydrodynamics, Methods: Numerical, Magnetohydrodynamics: MHD, Relativity, Shock Waves},
     year = 2007,
    month = may,
   volume = 170,
    pages = {228-242},
      doi = {10.1086/513316},
   adsurl = {http://cdsads.u-strasbg.fr/abs/2007ApJS..170..228M},
  adsnote = {Provided by the SAO/NASA Astrophysics Data System}
}



@ARTICLE{2008ApJ...672.1054B,
   author = {{Baruteau}, C. and {Masset}, F.},
    title = "{On the Corotation Torque in a Radiatively Inefficient Disk}",
  journal = {\apj},
archivePrefix = "arXiv",
   eprint = {0709.2617},
 keywords = {accretion, accretion disks, hydrodynamics, methods: numerical, planetary systems: formation, planetary systems: protoplanetary disks },
     year = 2008,
    month = jan,
   volume = 672,
      eid = {1054-1067},
    pages = {1054-1067},
      doi = {10.1086/523667},
   adsurl = {http://cdsads.u-strasbg.fr/abs/2008ApJ...672.1054B},
  adsnote = {Provided by the SAO/NASA Astrophysics Data System}
}


@ARTICLE{1977JCoPh..23..276V,
   author = {{van Leer}, B.},
    title = "{Towards the Ultimate Conservative Difference Scheme. IV. A New Approach to Numerical Convection}",
  journal = {Journal of Computational Physics},
     year = 1977,
    month = mar,
   volume = 23,
    pages = {276},
      doi = {10.1016/0021-9991(77)90095-X},
   adsurl = {http://cdsads.u-strasbg.fr/abs/1977JCoPh..23..276V},
  adsnote = {Provided by the SAO/NASA Astrophysics Data System}
}



@ARTICLE{2000A&AS..141..165M,
   author = {{Masset}, F.},
    title = "{FARGO: A fast eulerian transport algorithm for differentially rotating disks}",
  journal = {\aaps},
   eprint = {astro-ph/9910390},
 keywords = {ACCRETION, ACCRETION DISKS, HYDRODYNAMICS, METHODS: NUMERICAL},
     year = 2000,
    month = jan,
   volume = 141,
    pages = {165-173},
      doi = {10.1051/aas:2000116},
   adsurl = {http://cdsads.u-strasbg.fr/abs/2000A%26AS..141..165M},
  adsnote = {Provided by the SAO/NASA Astrophysics Data System}
}



@MISC{2012ascl.soft02015D,
   author = {{Dullemond}, C.~P.},
    title = "{RADMC-3D: A multi-purpose radiative transfer tool}",
 keywords = {Software},
howpublished = {Astrophysics Source Code Library},
     year = 2012,
    month = feb,
archivePrefix = "ascl",
   eprint = {1202.015},
   adsurl = {http://cdsads.u-strasbg.fr/abs/2012ascl.soft02015D},
  adsnote = {Provided by the SAO/NASA Astrophysics Data System}
}



@ARTICLE{2013A&A...553L...3A,
   author = {{Ataiee}, S. and {Pinilla}, P. and {Zsom}, A. and {Dullemond}, C.~P. and 
	{Dominik}, C. and {Ghanbari}, J.},
    title = "{Asymmetric transition disks: Vorticity or eccentricity?}",
  journal = {\aap},
archivePrefix = "arXiv",
   eprint = {1304.1736},
 primaryClass = "astro-ph.EP",
 keywords = {accretion, accretion disks, protoplanetary disks, planet-disk interactions, hydrodynamics},
     year = 2013,
    month = may,
   volume = 553,
      eid = {L3},
    pages = {L3},
      doi = {10.1051/0004-6361/201321125},
   adsurl = {http://cdsads.u-strasbg.fr/abs/2013A%26A...553L...3A},
  adsnote = {Provided by the SAO/NASA Astrophysics Data System}
}


@ARTICLE{2015A&A...581A..20K,
   author = {{Kley}, W. and {Haghighipour}, N.},
    title = "{Evolution of circumbinary planets around eccentric binaries: The case of Kepler-34}",
  journal = {\aap},
archivePrefix = "arXiv",
   eprint = {1506.07026},
 primaryClass = "astro-ph.EP",
 keywords = {planets and satellites: formation, planets and satellites: dynamical evolution and stability, hydrodynamics},
     year = 2015,
    month = sep,
   volume = 581,
      eid = {A20},
    pages = {A20},
      doi = {10.1051/0004-6361/201526648},
   adsurl = {http://cdsads.u-strasbg.fr/abs/2015A%26A...581A..20K},
  adsnote = {Provided by the SAO/NASA Astrophysics Data System}
}



@ARTICLE{2014A&A...564A..72K,
   author = {{Kley}, W. and {Haghighipour}, N.},
    title = "{Modeling circumbinary planets: The case of Kepler-38}",
  journal = {\aap},
archivePrefix = "arXiv",
   eprint = {1401.7648},
 primaryClass = "astro-ph.EP",
 keywords = {planet-disk interactions, binaries: general, hydrodynamics},
     year = 2014,
    month = apr,
   volume = 564,
      eid = {A72},
    pages = {A72},
      doi = {10.1051/0004-6361/201323235},
   adsurl = {http://cdsads.u-strasbg.fr/abs/2014A%26A...564A..72K},
  adsnote = {Provided by the SAO/NASA Astrophysics Data System}
}



@ARTICLE{2009A&A...506..971K,
   author = {{Kley}, W. and {Bitsch}, B. and {Klahr}, H.},
    title = "{Planet migration in three-dimensional radiative discs}",
  journal = {\aap},
archivePrefix = "arXiv",
   eprint = {0908.1863},
 primaryClass = "astro-ph.EP",
 keywords = {accretion, accretion disks, hydrodynamics, radiative transfer, planets and satellites: formation},
     year = 2009,
    month = nov,
   volume = 506,
    pages = {971-987},
      doi = {10.1051/0004-6361/200912072},
   adsurl = {http://cdsads.u-strasbg.fr/abs/2009A%26A...506..971K},
  adsnote = {Provided by the SAO/NASA Astrophysics Data System}
}


@ARTICLE{2004A&A...414..735K,
   author = {{Kley}, W. and {Peitz}, J. and {Bryden}, G.},
    title = "{Evolution of planetary systems in resonance}",
  journal = {\aap},
   eprint = {astro-ph/0310321},
 keywords = {accretion, accretion disks, planets and satellites: formation, hydrodynamics, celestial mechanics},
     year = 2004,
    month = feb,
   volume = 414,
    pages = {735-747},
      doi = {10.1051/0004-6361:20031589},
   adsurl = {http://cdsads.u-strasbg.fr/abs/2004A%26A...414..735K},
  adsnote = {Provided by the SAO/NASA Astrophysics Data System}
}



@ARTICLE{2015ApJ...808L...3A,
   author = {{ALMA Partnership} and {Brogan}, C.~L. and {P{\'e}rez}, L.~M. and 
	{Hunter}, T.~R. and {Dent}, W.~R.~F. and {Hales}, A.~S. and 
	{Hills}, R.~E. and {Corder}, S. and {Fomalont}, E.~B. and {Vlahakis}, C. and 
	{Asaki}, Y. and {Barkats}, D. and {Hirota}, A. and {Hodge}, J.~A. and 
	{Impellizzeri}, C.~M.~V. and {Kneissl}, R. and {Liuzzo}, E. and 
	{Lucas}, R. and {Marcelino}, N. and {Matsushita}, S. and {Nakanishi}, K. and 
	{Phillips}, N. and {Richards}, A.~M.~S. and {Toledo}, I. and 
	{Aladro}, R. and {Broguiere}, D. and {Cortes}, J.~R. and {Cortes}, P.~C. and 
	{Espada}, D. and {Galarza}, F. and {Garcia-Appadoo}, D. and 
	{Guzman-Ramirez}, L. and {Humphreys}, E.~M. and {Jung}, T. and 
	{Kameno}, S. and {Laing}, R.~A. and {Leon}, S. and {Marconi}, G. and 
	{Mignano}, A. and {Nikolic}, B. and {Nyman}, L.-A. and {Radiszcz}, M. and 
	{Remijan}, A. and {Rod{\'o}n}, J.~A. and {Sawada}, T. and {Takahashi}, S. and 
	{Tilanus}, R.~P.~J. and {Vila Vilaro}, B. and {Watson}, L.~C. and 
	{Wiklind}, T. and {Akiyama}, E. and {Chapillon}, E. and {de Gregorio-Monsalvo}, I. and 
	{Di Francesco}, J. and {Gueth}, F. and {Kawamura}, A. and {Lee}, C.-F. and 
	{Nguyen Luong}, Q. and {Mangum}, J. and {Pietu}, V. and {Sanhueza}, P. and 
	{Saigo}, K. and {Takakuwa}, S. and {Ubach}, C. and {van Kempen}, T. and 
	{Wootten}, A. and {Castro-Carrizo}, A. and {Francke}, H. and 
	{Gallardo}, J. and {Garcia}, J. and {Gonzalez}, S. and {Hill}, T. and 
	{Kaminski}, T. and {Kurono}, Y. and {Liu}, H.-Y. and {Lopez}, C. and 
	{Morales}, F. and {Plarre}, K. and {Schieven}, G. and {Testi}, L. and 
	{Videla}, L. and {Villard}, E. and {Andreani}, P. and {Hibbard}, J.~E. and 
	{Tatematsu}, K.},
    title = "{The 2014 ALMA Long Baseline Campaign: First Results from High Angular Resolution Observations toward the HL Tau Region}",
  journal = {\apjl},
archivePrefix = "arXiv",
   eprint = {1503.02649},
 primaryClass = "astro-ph.SR",
 keywords = {protoplanetary disks, stars: formation, stars: individual: HL Tau, XZ Tau, LkH{$\alpha$}358, submillimeter: planetary systems, techniques: interferometric},
     year = 2015,
    month = jul,
   volume = 808,
      eid = {L3},
    pages = {L3},
      doi = {10.1088/2041-8205/808/1/L3},
   adsurl = {http://cdsads.u-strasbg.fr/abs/2015ApJ...808L...3A},
  adsnote = {Provided by the SAO/NASA Astrophysics Data System}
}



@ARTICLE{2006A&A...447..369K,
   author = {{Kley}, W. and {Dirksen}, G.},
    title = "{Disk eccentricity and embedded planets}",
  journal = {\aap},
   eprint = {astro-ph/0510393},
     year = 2006,
    month = feb,
   volume = 447,
    pages = {369-377},
      doi = {10.1051/0004-6361:20053914},
   adsurl = {http://cdsads.u-strasbg.fr/abs/2006A%26A...447..369K},
  adsnote = {Provided by the SAO/NASA Astrophysics Data System}
}



@ARTICLE{2008PASP..120..531C,
   author = {{Cumming}, A. and {Butler}, R.~P. and {Marcy}, G.~W. and {Vogt}, S.~S. and 
	{Wright}, J.~T. and {Fischer}, D.~A.},
    title = "{The Keck Planet Search: Detectability and the Minimum Mass and Orbital Period Distribution of Extrasolar Planets}",
  journal = {\pasp},
archivePrefix = "arXiv",
   eprint = {0803.3357},
     year = 2008,
    month = may,
   volume = 120,
    pages = {531-554},
      doi = {10.1086/588487},
   adsurl = {http://cdsads.u-strasbg.fr/abs/2008PASP..120..531C},
  adsnote = {Provided by the SAO/NASA Astrophysics Data System}
}



@ARTICLE{2010A&A...513A..79B,
   author = {{Birnstiel}, T. and {Dullemond}, C.~P. and {Brauer}, F.},
    title = "{Gas- and dust evolution in protoplanetary disks}",
  journal = {\aap},
archivePrefix = "arXiv",
   eprint = {1002.0335},
 primaryClass = "astro-ph.EP",
 keywords = {accretion, accretion disks, circumstellar matter, stars: formation, stars: pre-main sequence, infrared: stars},
     year = 2010,
    month = apr,
   volume = 513,
      eid = {A79},
    pages = {A79},
      doi = {10.1051/0004-6361/200913731},
   adsurl = {http://cdsads.u-strasbg.fr/abs/2010A%26A...513A..79B},
  adsnote = {Provided by the SAO/NASA Astrophysics Data System}
}

@ARTICLE{2013A&A...560A.111D,
   author = {{de Juan Ovelar}, M. and {Min}, M. and {Dominik}, C. and {Thalmann}, C. and 
	{Pinilla}, P. and {Benisty}, M. and {Birnstiel}, T.},
    title = "{Imaging diagnostics for transitional discs}",
  journal = {\aap},
archivePrefix = "arXiv",
   eprint = {1309.1039},
 primaryClass = "astro-ph.EP",
 keywords = {protoplanetary disks, planet-disk interactions, circumstellar matter, methods: observational},
     year = 2013,
    month = dec,
   volume = 560,
      eid = {A111},
    pages = {A111},
      doi = {10.1051/0004-6361/201322218},
   adsurl = {http://cdsads.u-strasbg.fr/abs/2013A%26A...560A.111D},
  adsnote = {Provided by the SAO/NASA Astrophysics Data System}
}

@ARTICLE{2004A&A...425L...9P,
   author = {{Paardekooper}, S.-J. and {Mellema}, G.},
    title = "{Planets opening dust gaps in gas disks}",
  journal = {\aap},
   eprint = {astro-ph/0408202},
 keywords = {hydrodynamics, stars: planetary systems},
     year = 2004,
    month = oct,
   volume = 425,
    pages = {L9-L12},
      doi = {10.1051/0004-6361:200400053},
   adsurl = {http://cdsads.u-strasbg.fr/abs/2004A%26A...425L...9P},
  adsnote = {Provided by the SAO/NASA Astrophysics Data System}
}


@ARTICLE{2006A&A...453.1129P,
   author = {{Paardekooper}, S.-J. and {Mellema}, G.},
    title = "{Dust flow in gas disks in the presence of embedded planets}",
  journal = {\aap},
   eprint = {astro-ph/0603132},
 keywords = {hydrodynamics, methods: numerical, stars: planetary systems: protoplanetary disks},
     year = 2006,
    month = jul,
   volume = 453,
    pages = {1129-1140},
      doi = {10.1051/0004-6361:20054449},
   adsurl = {http://cdsads.u-strasbg.fr/abs/2006A%26A...453.1129P},
  adsnote = {Provided by the SAO/NASA Astrophysics Data System}
}



@ARTICLE{2016PASA...33....5O,
   author = {{Owen}, J.~E.},
    title = "{The Origin and Evolution of Transition Discs: Successes, Problems, and Open Questions}",
  journal = {\pasa},
archivePrefix = "arXiv",
   eprint = {1512.06873},
 primaryClass = "astro-ph.SR",
 keywords = {accretion, accretion disks, planet-disk interactions, planets and satellites: formation, protoplanetary disks, stars: pre-main sequence},
     year = 2016,
    month = feb,
   volume = 33,
      eid = {e005},
    pages = {e005},
      doi = {10.1017/pasa.2016.2},
   adsurl = {http://cdsads.u-strasbg.fr/abs/2016PASA...33....5O},
  adsnote = {Provided by the SAO/NASA Astrophysics Data System}
}


@ARTICLE{2012MNRAS.426L..96O,
   author = {{Owen}, J.~E. and {Clarke}, C.~J.},
    title = "{Two populations of transition discs?}",
  journal = {\mnras},
archivePrefix = "arXiv",
   eprint = {1205.5564},
 primaryClass = "astro-ph.EP",
 keywords = {protoplanetary discs, planetary systems, stars: pre-main-sequence},
     year = 2012,
    month = oct,
   volume = 426,
    pages = {L96-L100},
      doi = {10.1111/j.1745-3933.2012.01334.x},
   adsurl = {http://cdsads.u-strasbg.fr/abs/2012MNRAS.426L..96O},
  adsnote = {Provided by the SAO/NASA Astrophysics Data System}
}

@ARTICLE{2006MNRAS.369..216A,
   author = {{Alexander}, R.~D. and {Clarke}, C.~J. and {Pringle}, J.~E.},
    title = "{Photoevaporation of protoplanetary discs - I. Hydrodynamic models}",
  journal = {\mnras},
   eprint = {astro-ph/0603253},
 keywords = {accretion, accretion discs: hydrodynamics: circumstellar matter: planetary systems: protoplanetary discs: stars: pre-main-sequence, accretion discs, hydrodynamics, circumstellar matter, planetary systems: protoplanetary discs, stars: pre-main-sequence},
     year = 2006,
    month = jun,
   volume = 369,
    pages = {216-228},
      doi = {10.1111/j.1365-2966.2006.10293.x},
   adsurl = {http://cdsads.u-strasbg.fr/abs/2006MNRAS.369..216A},
  adsnote = {Provided by the SAO/NASA Astrophysics Data System}
}


@ARTICLE{1993Icar..106...92S,
   author = {{Shu}, F.~H. and {Johnstone}, D. and {Hollenbach}, D.},
    title = "{Photoevaporation of the solar nebula and the formation of the giant planets}",
  journal = {\icarus},
 keywords = {Solar Corona, Evaporation, Planetary Evolution, Jupiter (Planet), Stellar Winds, T Tauri Stars, Saturn (Planet), Neptune (Planet)},
     year = 1993,
    month = nov,
   volume = 106,
    pages = {92},
      doi = {10.1006/icar.1993.1160},
   adsurl = {http://cdsads.u-strasbg.fr/abs/1993Icar..106...92S},
  adsnote = {Provided by the SAO/NASA Astrophysics Data System}
}

@ARTICLE{2015A&A...573A...9P,
   author = {{Pinilla}, P. and {de Juan Ovelar}, M. and {Ataiee}, S. and 
	{Benisty}, M. and {Birnstiel}, T. and {van Dishoeck}, E.~F. and 
	{Min}, M.},
    title = "{Gas and dust structures in protoplanetary disks hosting multiple planets}",
  journal = {\aap},
archivePrefix = "arXiv",
   eprint = {1410.5963},
 primaryClass = "astro-ph.EP",
 keywords = {accretion, accretion disks, hydrodynamics, radiative, transfer, planets and satellites: formation, planet-disk, interactions},
     year = 2015,
    month = jan,
   volume = 573,
      eid = {A9},
    pages = {A9},
      doi = {10.1051/0004-6361/201424679},
   adsurl = {http://cdsads.u-strasbg.fr/abs/2015A%26A...573A...9P},
  adsnote = {Provided by the SAO/NASA Astrophysics Data System}
}


@ARTICLE{2016Natur.530..169H,
   author = {{Ho}, P.},
    title = "{Astrophysics: Exoplanets hidden in the gaps}",
  journal = {\nat},
     year = 2016,
    month = feb,
   volume = 530,
    pages = {169-170},
      doi = {10.1038/530169a},
   adsurl = {http://cdsads.u-strasbg.fr/abs/2016Natur.530..169H},
  adsnote = {Provided by the SAO/NASA Astrophysics Data System}
}


@ARTICLE{2015A&A...579A.106V,
   author = {{van der Marel}, N. and {van Dishoeck}, E.~F. and {Bruderer}, S. and 
	{P{\'e}rez}, L. and {Isella}, A.},
    title = "{Gas density drops inside dust cavities of transitional disks around young stars observed with ALMA}",
  journal = {\aap},
archivePrefix = "arXiv",
   eprint = {1504.03927},
 primaryClass = "astro-ph.EP",
 keywords = {astrochemistry, protoplanetary disks, planet-disk interactions, ISM: molecules, stars: formation},
     year = 2015,
    month = jul,
   volume = 579,
      eid = {A106},
    pages = {A106},
      doi = {10.1051/0004-6361/201525658},
   adsurl = {http://cdsads.u-strasbg.fr/abs/2015A%26A...579A.106V},
  adsnote = {Provided by the SAO/NASA Astrophysics Data System}
}

@ARTICLE{2016A&A...585A..58V,
   author = {{van der Marel}, N. and {van Dishoeck}, E.~F. and {Bruderer}, S. and 
	{Andrews}, S.~M. and {Pontoppidan}, K.~M. and {Herczeg}, G.~J. and 
	{van Kempen}, T. and {Miotello}, A.},
    title = "{Resolved gas cavities in transitional disks inferred from CO isotopologs with ALMA}",
  journal = {\aap},
archivePrefix = "arXiv",
   eprint = {1511.07149},
 primaryClass = "astro-ph.EP",
 keywords = {astrochemistry, stars: formation, protoplanetary disks, ISM: molecules},
     year = 2016,
    month = jan,
   volume = 585,
      eid = {A58},
    pages = {A58},
      doi = {10.1051/0004-6361/201526988},
   adsurl = {http://cdsads.u-strasbg.fr/abs/2016A%26A...585A..58V},
  adsnote = {Provided by the SAO/NASA Astrophysics Data System}
}


@ARTICLE{2016ApJ...825...77D,
   author = {{Dong}, R. and {Dawson}, R.},
    title = "{Stability and Occurrence Rate Constraints on the Planetary Sculpting Hypothesis for ''Transitional'' Disks}",
  journal = {\apj},
archivePrefix = "arXiv",
   eprint = {1605.02074},
 primaryClass = "astro-ph.EP",
 keywords = {circumstellar matter, planet{\ndash}disk interactions, planets and satellites: formation, protoplanetary disks, stars: pre-main sequence, stars: variables: T Tauri, Herbig Ae/Be},
     year = 2016,
    month = jul,
   volume = 825,
      eid = {77},
    pages = {77},
      doi = {10.3847/0004-637X/825/1/77},
   adsurl = {http://cdsads.u-strasbg.fr/abs/2016ApJ...825...77D},
  adsnote = {Provided by the SAO/NASA Astrophysics Data System}
}


@ARTICLE{2013A&A...559A..80K,
   author = {{Kolb}, S.~M. and {Stute}, M. and {Kley}, W. and {Mignone}, A.
	},
    title = "{Radiation hydrodynamics integrated in the PLUTO code}",
  journal = {\aap},
archivePrefix = "arXiv",
   eprint = {1309.5231},
 primaryClass = "astro-ph.EP",
 keywords = {radiative transfer, hydrodynamics, accretion, accretion disks},
     year = 2013,
    month = nov,
   volume = 559,
      eid = {A80},
    pages = {A80},
      doi = {10.1051/0004-6361/201321499},
   adsurl = {http://cdsads.u-strasbg.fr/abs/2013A%26A...559A..80K},
  adsnote = {Provided by the SAO/NASA Astrophysics Data System}
}



@ARTICLE{2016ApJS..223...11B,
   author = {{Ben{\'{\i}}tez-Llambay}, P. and {Masset}, F.~S.},
    title = "{FARGO3D: A New GPU-oriented MHD Code}",
  journal = {\apjs},
archivePrefix = "arXiv",
   eprint = {1602.02359},
 primaryClass = "astro-ph.IM",
 keywords = {accretion, accretion disks, hydrodynamics, magnetohydrodynamics: MHD, methods: numerical, protoplanetary disks},
     year = 2016,
    month = mar,
   volume = 223,
      eid = {11},
    pages = {11},
      doi = {10.3847/0067-0049/223/1/11},
   adsurl = {http://cdsads.u-strasbg.fr/abs/2016ApJS..223...11B},
  adsnote = {Provided by the SAO/NASA Astrophysics Data System}
}



@ARTICLE{2016A&A...589A..10T,
   author = {{Thun}, D. and {Kuiper}, R. and {Schmidt}, F. and {Kley}, W.
	},
    title = "{Dynamical friction for supersonic motion in a homogeneous gaseous medium}",
  journal = {\aap},
archivePrefix = "arXiv",
   eprint = {1601.07799},
 keywords = {gravitation, hydrodynamics, shock waves, waves, methods: numerical},
     year = 2016,
    month = may,
   volume = 589,
      eid = {A10},
    pages = {A10},
      doi = {10.1051/0004-6361/201527629},
   adsurl = {http://cdsads.u-strasbg.fr/abs/2016A%26A...589A..10T},
  adsnote = {Provided by the SAO/NASA Astrophysics Data System}
}


@ARTICLE{2003ApJ...583..996H,
   author = {{Haghighipour}, N. and {Boss}, A.~P.},
    title = "{On Pressure Gradients and Rapid Migration of Solids in a Nonuniform Solar Nebula}",
  journal = {\apj},
 keywords = {Stars: Planetary Systems: Formation, Stars: Planetary Systems: Protoplanetary Disks, Solar System: Formation},
     year = 2003,
    month = feb,
   volume = 583,
    pages = {996-1003},
      doi = {10.1086/345472},
   adsurl = {http://cdsads.u-strasbg.fr/abs/2003ApJ...583..996H},
  adsnote = {Provided by the SAO/NASA Astrophysics Data System}
}


@ARTICLE{1924PhRv...23..710E,
   author = {{Epstein}, P.~S.},
    title = "{On the Resistance Experienced by Spheres in their Motion through Gases}",
  journal = {Physical Review},
     year = 1924,
    month = jun,
   volume = 23,
    pages = {710-733},
      doi = {10.1103/PhysRev.23.710},
   adsurl = {http://cdsads.u-strasbg.fr/abs/1924PhRv...23..710E},
  adsnote = {Provided by the SAO/NASA Astrophysics Data System}
}

@ARTICLE{Bai2010ApJS..190..297B,
   author = {{Bai}, X.-N. and {Stone}, J.~M.},
    title = "{Particle-gas Dynamics with Athena: Method and Convergence}",
  journal = {\apjs},
archivePrefix = "arXiv",
   eprint = {1005.4980},
 primaryClass = "astro-ph.EP",
 keywords = {hydrodynamics, instabilities, methods: numerical, protoplanetary disks, turbulence},
     year = 2010,
    month = oct,
   volume = 190,
    pages = {297-310},
      doi = {10.1088/0067-0049/190/2/297},
   adsurl = {http://adsabs.harvard.edu/abs/2010ApJS..190..297B},
  adsnote = {Provided by the SAO/NASA Astrophysics Data System}
}




@ARTICLE{2012ARA&A..50..211K,
   author = {{Kley}, W. and {Nelson}, R.~P.},
    title = "{Planet-Disk Interaction and Orbital Evolution}",
  journal = {\araa},
archivePrefix = "arXiv",
   eprint = {1203.1184},
 primaryClass = "astro-ph.EP",
     year = 2012,
    month = sep,
   volume = 50,
    pages = {211-249},
      doi = {10.1146/annurev-astro-081811-125523},
   adsurl = {http://cdsads.u-strasbg.fr/abs/2012ARA%26A..50..211K},
  adsnote = {Provided by the SAO/NASA Astrophysics Data System}
}

@ARTICLE{2008A&A...487L...9K,
   author = {{Kley}, W. and {Crida}, A.},
    title = "{Migration of protoplanets in radiative discs}",
  journal = {\aap},
archivePrefix = "arXiv",
   eprint = {0806.2990},
 keywords = {stars: planetary systems: formation, accretion, accretion disks},
     year = 2008,
    month = aug,
   volume = 487,
    pages = {L9-L12},
      doi = {10.1051/0004-6361:200810033},
   adsurl = {http://cdsads.u-strasbg.fr/abs/2008A%26A...487L...9K},
  adsnote = {Provided by the SAO/NASA Astrophysics Data System}
}


@ARTICLE{2012A&A...539A..18M,
   author = {{M{\"u}ller}, T.~W.~A. and {Kley}, W.},
    title = "{Circumstellar disks in binary star systems. Models for {$\gamma$} Cephei and {$\alpha$} Centauri}",
  journal = {\aap},
archivePrefix = "arXiv",
   eprint = {1112.1845},
 primaryClass = "astro-ph.EP",
 keywords = {accretion, accretion disks, protoplanetary disks, hydrodynamics, radiative transfer, methods: numerical, planets and satellites: formation},
     year = 2012,
    month = mar,
   volume = 539,
      eid = {A18},
    pages = {A18},
      doi = {10.1051/0004-6361/201118202},
   adsurl = {http://cdsads.u-strasbg.fr/abs/2012A%26A...539A..18M},
  adsnote = {Provided by the SAO/NASA Astrophysics Data System}
}

@ARTICLE{2013A&A...560A..40M,
   author = {{M{\"u}ller}, T.~W.~A. and {Kley}, W.},
    title = "{Modelling accretion in transitional disks}",
  journal = {\aap},
archivePrefix = "arXiv",
   eprint = {1310.4398},
 primaryClass = "astro-ph.EP",
 keywords = {accretion, accretion disks, protoplanetary disks, planet-disk interactions, methods: numerical, hydrodynamics, planets and satellites: formation},
     year = 2013,
    month = dec,
   volume = 560,
      eid = {A40},
    pages = {A40},
      doi = {10.1051/0004-6361/201322503},
   adsurl = {http://cdsads.u-strasbg.fr/abs/2013A%26A...560A..40M},
  adsnote = {Provided by the SAO/NASA Astrophysics Data System}
}

@ARTICLE{2015A&A...584A.110P,
   author = {{Picogna}, G. and {Kley}, W.},
    title = "{How do giant planetary cores shape the dust disk?. HL Tauri system}",
  journal = {\aap},
archivePrefix = "arXiv",
   eprint = {1510.01498},
 primaryClass = "astro-ph.EP",
 keywords = {accretion, accretion disks, hydrodynamics, planet-disk interactions, protoplanetary disks, stars: pre-main sequence},
     year = 2015,
    month = dec,
   volume = 584,
      eid = {A110},
    pages = {A110},
      doi = {10.1051/0004-6361/201526921},
   adsurl = {http://cdsads.u-strasbg.fr/abs/2015A%26A...584A.110P},
  adsnote = {Provided by the SAO/NASA Astrophysics Data System}
}


@ARTICLE{2016A&A...594A..57S,
   author = {{Stoll}, M.~H.~R. and {Kley}, W.},
    title = "{Particle dynamics in discs with turbulence generated by the vertical shear instability}",
  journal = {\aap},
archivePrefix = "arXiv",
   eprint = {1607.02322},
 primaryClass = "astro-ph.EP",
 keywords = {instabilities, hydrodynamics, accretion, accretion disks, radiative transfer},
     year = 2016,
    month = oct,
   volume = 594,
      eid = {A57},
    pages = {A57},
      doi = {10.1051/0004-6361/201527716},
   adsurl = {http://cdsads.u-strasbg.fr/abs/2016A%26A...594A..57S},
  adsnote = {Provided by the SAO/NASA Astrophysics Data System}
}


@ARTICLE{2002ApJ...568.1008C,
   author = {{Calvet}, N. and {D'Alessio}, P. and {Hartmann}, L. and {Wilner}, D. and 
	{Walsh}, A. and {Sitko}, M.},
    title = "{Evidence for a Developing Gap in a 10 Myr Old Protoplanetary Disk}",
  journal = {\apj},
   eprint = {astro-ph/0201425},
 keywords = {Accretion, Accretion Disks, Stars: Circumstellar Matter, Stars: Formation, Stars: Pre-Main-Sequence},
     year = 2002,
    month = apr,
   volume = 568,
    pages = {1008-1016},
      doi = {10.1086/339061},
   adsurl = {http://cdsads.u-strasbg.fr/abs/2002ApJ...568.1008C},
  adsnote = {Provided by the SAO/NASA Astrophysics Data System}
}


@ARTICLE{2005ApJ...621..461D,
   author = {{D'Alessio}, P. and {Hartmann}, L. and {Calvet}, N. and {Franco-Hern{\'a}ndez}, R. and 
	{Forrest}, W.~J. and {Sargent}, B. and {Furlan}, E. and {Uchida}, K. and 
	{Green}, J.~D. and {Watson}, D.~M. and {Chen}, C.~H. and {Kemper}, F. and 
	{Sloan}, G.~C. and {Najita}, J.},
    title = "{The Truncated Disk of CoKu Tau/4}",
  journal = {\apj},
   eprint = {astro-ph/0411522},
 keywords = {Stars: Circumstellar Matter, Infrared: Stars, Stars: Planetary Systems: Formation, Stars: Planetary Systems: Protoplanetary Disks, Stars: Pre-Main-Sequence},
     year = 2005,
    month = mar,
   volume = 621,
    pages = {461-472},
      doi = {10.1086/427490},
   adsurl = {http://cdsads.u-strasbg.fr/abs/2005ApJ...621..461D},
  adsnote = {Provided by the SAO/NASA Astrophysics Data System}
}

@ARTICLE{2014A&A...568A..18M,
   author = {{Manara}, C.~F. and {Testi}, L. and {Natta}, A. and {Rosotti}, G. and 
	{Benisty}, M. and {Ercolano}, B. and {Ricci}, L.},
    title = "{Gas content of transitional disks: a VLT/X-Shooter study of accretion and winds}",
  journal = {\aap},
archivePrefix = "arXiv",
   eprint = {1406.1428},
 primaryClass = "astro-ph.SR",
 keywords = {stars: pre-main sequence, stars: formation, protoplanetary disks, accretion, accretion disks},
     year = 2014,
    month = aug,
   volume = 568,
      eid = {A18},
    pages = {A18},
      doi = {10.1051/0004-6361/201323318},
   adsurl = {http://cdsads.u-strasbg.fr/abs/2014A%26A...568A..18M},
  adsnote = {Provided by the SAO/NASA Astrophysics Data System}
}

@ARTICLE{2006ApJ...640.1110V,
   author = {{Varni{\`e}re}, P. and {Blackman}, E.~G. and {Frank}, A. and 
	{Quillen}, A.~C.},
    title = "{Planets Rapidly Create Holes in Young Circumstellar Disks}",
  journal = {\apj},
 keywords = {Accretion, Accretion Disks, Stars: Planetary Systems: Protoplanetary Disks},
     year = 2006,
    month = apr,
   volume = 640,
    pages = {1110-1114},
      doi = {10.1086/498933},
   adsurl = {http://cdsads.u-strasbg.fr/abs/2006ApJ...640.1110V},
  adsnote = {Provided by the SAO/NASA Astrophysics Data System}
}


@ARTICLE{2006MNRAS.373.1619R,
   author = {{Rice}, W.~K.~M. and {Armitage}, P.~J. and {Wood}, K. and {Lodato}, G.
	},
    title = "{Dust filtration at gap edges: implications for the spectral energy distributions of discs with embedded planets}",
  journal = {\mnras},
   eprint = {astro-ph/0609808},
 keywords = {planets and satellites: formation, Solar system: formation, planetary systems: formation},
     year = 2006,
    month = dec,
   volume = 373,
    pages = {1619-1626},
      doi = {10.1111/j.1365-2966.2006.11113.x},
   adsurl = {http://cdsads.u-strasbg.fr/abs/2006MNRAS.373.1619R},
  adsnote = {Provided by the SAO/NASA Astrophysics Data System}
}

@ARTICLE{2011ApJ...729...47Z,
   author = {{Zhu}, Z. and {Nelson}, R.~P. and {Hartmann}, L. and {Espaillat}, C. and 
	{Calvet}, N.},
    title = "{Transitional and Pre-transitional Disks: Gap Opening by Multiple Planets?}",
  journal = {\apj},
archivePrefix = "arXiv",
   eprint = {1012.4395},
 primaryClass = "astro-ph.SR",
 keywords = {accretion, accretion disks, stars: formation, stars: pre-main sequence},
     year = 2011,
    month = mar,
   volume = 729,
      eid = {47},
    pages = {47},
      doi = {10.1088/0004-637X/729/1/47},
   adsurl = {http://cdsads.u-strasbg.fr/abs/2011ApJ...729...47Z},
  adsnote = {Provided by the SAO/NASA Astrophysics Data System}
}


@ARTICLE{2011ApJ...738..131D,
   author = {{Dodson-Robinson}, S.~E. and {Salyk}, C.},
    title = "{Transitional Disks as Signposts of Young, Multiplanet Systems}",
  journal = {\apj},
archivePrefix = "arXiv",
   eprint = {1106.4824},
 primaryClass = "astro-ph.EP",
 keywords = {accretion, accretion disks, hydrodynamics, infrared: planetary systems, planet-disk interactions, planets and satellites: formation, protoplanetary disks, stars: pre-main sequence},
     year = 2011,
    month = sep,
   volume = 738,
      eid = {131},
    pages = {131},
      doi = {10.1088/0004-637X/738/2/131},
   adsurl = {http://cdsads.u-strasbg.fr/abs/2011ApJ...738..131D},
  adsnote = {Provided by the SAO/NASA Astrophysics Data System}
}

@ARTICLE{2016MNRAS.461.4406A,
   author = {{Andr{\'e}}, Q. and {Papaloizou}, J.~C.~B.},
    title = "{On the orbital evolution of a pair of giant planets in mean motion resonance}",
  journal = {\mnras},
archivePrefix = "arXiv",
   eprint = {1607.00628},
 primaryClass = "astro-ph.EP",
 keywords = {accretion, accretion discs, hydrodynamics, methods: numerical, planet-disc interactions, protoplanetary discs, planetary systems},
     year = 2016,
    month = oct,
   volume = 461,
    pages = {4406-4418},
      doi = {10.1093/mnras/stw1577},
   adsurl = {http://cdsads.u-strasbg.fr/abs/2016MNRAS.461.4406A},
  adsnote = {Provided by the SAO/NASA Astrophysics Data System}
}


